%%% -*-BibTeX-*-
%%% ====================================================================
%%% This is a collection of sample BibTeX entries that have been
%%% prettyprinted by bibclean, ordered by biborder, and sorted by
%%% bibsort.
%%%
%%% Bibliography tools available on *.math.utah.edu are documented
%%% by the standard Unix "man" command, and include at least these:
%%%
%%%     bibcheck
%%%     bibclean
%%%     bibdup
%%%     bibextract
%%%     bibjoin
%%%     biblabel
%%%     biblex
%%%     biborder
%%%     bibparse
%%%     bibsearch
%%%     bibsort
%%%     bibsplit
%%%     bibsql
%%%     bibtex
%%%     bibtosql
%%%     bibunlex
%%%
%%% [30-Mar-2016]
%%% ====================================================================

@Preamble{
 "\def \noopsort #1{}"
}

%%% ====================================================================
%%% Journal abbreviations:

@String{j-ANN-HIST-COMPUT       = "Annals of the History of Computing"}

@String{j-ANN-MATH              = "Annals of Mathematics"}

@String{j-ANN-PHYS-1900-4       = "Annalen der Physik (1900) (series 4)"}

@String{j-BELL-SYST-TECH-J      = "The Bell System Technical Journal"}

@String{j-CBM                   = "Computers in Biology and Medicine"}

@String{j-COMPUTER              = "Computer"}

@String{j-HIST-STUD-PHYS-SCI    = "Historical Studies in the Physical Sciences"}

@String{j-J-STAT-PLANN-INFERENCE = "Journal of Statistical Planning and
                                  Inference"}

@String{j-MATH-TABLES-OTHER-AIDS-COMPUT = "Mathematical Tables and Other Aids
                                  to Computation"}

@String{j-MONTHLY-NOT-ROY-ASTRON-SOC = "Monthly Notices of the Royal
                                  Astronomical Society"}

@String{j-PROBAB-THEORY-RELAT-FIELDS = "Probability Theory and Related Fields"}

@String{j-SCI-AMER              = "Scientific American"}

%%% ====================================================================
%%% Publishers and their addresses:

@String{pub-AW                  = "Ad{\-d}i{\-s}on-Wes{\-l}ey"}
@String{pub-AW:adr              = "Reading, MA, USA"}

@String{pub-BASIC-BOOKS         = "Basic Books"}
@String{pub-BASIC-BOOKS:adr     = "New York, NY, USA"}

@String{pub-CSLI                = "CSLI Publications"}
@String{pub-CSLI:adr            = "Stanford, CA, USA"}

@String{pub-CAMBRIDGE           = "Cambridge University Press"}
@String{pub-CAMBRIDGE:adr       = "Cambridge, UK"}

@String{pub-ELSEVIER            = "Elsevier"}
@String{pub-ELSEVIER:adr        = "Amsterdam, The Netherlands"}

@String{pub-ORA-MEDIA           = "O'Reilly Media, Inc."}
@String{pub-ORA-MEDIA:adr       = "1005 Gravenstein Highway North,
                                   Sebastopol, CA 95472, USA"}

@String{pub-SV                  = "Springer-Verlag"}
@String{pub-SV:adr              = "Berlin, Germany~/ Heidelberg, Germany~/
                                   London, UK~/ etc."}

@String{pub-WALKER              = "Walker and Company"}
@String{pub-WALKER:adr          = "435 Hudson Street, New York, NY 10014, USA"}

%%% ====================================================================
%%% Bibliography entries, sorted by citation key, with ``bibsort'':

@Manual{Adobe:1990:AFM,
  title =        "{Adobe} font metric files specification --- Version
                 3.0",
  type =         "Adobe PN",
  number =       "LPS5004",
  organization = "PostScript Developer Tools \& Strategies Group, Adobe
                 Systems Inc.",
  address =      "Mountain View, CA, USA",
  month =        mar,
  year =         "1990",
  bibdate =      "Sat Oct 21 17:15:47 2000",
  bibsource =    "http://www.math.utah.edu/pub/tex/bib/font.bib;
                 Misc/IMMD_IV.bib",
}

@Article{Babbage:1910:BBA,
  author =       "H. P. Babbage",
  title =        "{Babbage}: {Babbage}'s analytical engine",
  journal =      j-MONTHLY-NOT-ROY-ASTRON-SOC,
  volume =       "70",
  number =       "??",
  pages =        "517--526, 645",
  year =         "1910",
  CODEN =        "MNRAA4",
  ISSN =         "0035-8711",
  bibdate =      "Wed Oct 13 11:12:08 2010",
  bibsource =    "http://www.math.utah.edu/pub/tex/bib/master.bib",
  note =         "Reprinted in \cite[\S 2.3]{Randell:1982:ODC}.",
  acknowledgement = ack-nhfb,
  fjournal =     "Monthly Notices of the Royal Astronomical Society",
}

@Article{Beebe:1989:PCP,
  author =       "Nelson H. F. Beebe and R. P. C. Rodgers",
  title =        "{$<$PLOT79$>$}: a comprehensive portable {Fortran}
                 scientific line graphics system, as applied to
                 biomedical research",
  journal =      j-CBM,
  volume =       "19",
  number =       "6",
  pages =        "385--402",
  year =         "1989",
  bibsource =    "http://www.math.utah.edu/pub/tex/bib/master.bib",
  acknowledgement = ack-nhfb,
}

@PhdThesis{Bohr:1911:SME,
  author =       "Niels Henrik David Bohr",
  title =        "{Studier over Metallernes Elektronteori}. ({Danish})
                 [{Studies} on the electron theory of metals]",
  type =         "Doktor disputats",
  school =       "K{\o}benhavns Universitet",
  address =      "K{\o}benhavn, Danmark",
  pages =        "120",
  year =         "1911",
  bibdate =      "Thu Apr 28 19:17:17 2011",
  bibsource =    "http://www.math.utah.edu/pub/bibnet/authors/b/bohr-niels.bib",
  note =         "Afhandling for den filosofiske doktorgrad. [Thesis for
                 the Doctor of Philosophy.]",
  URL =          "http://genealogy.math.ndsu.nodak.edu/id.php?id=105783;
                 http://www.nba.nbi.dk/bohr1911a.jpg;
                 http://www.nba.nbi.dk/bohr1911c.jpg",
  acknowledgement = ack-nhfb,
  advisor =      "Christian Christiansen",
  language =     "Danish",
  remark =       "Bohr was unsuccessful in getting an English
                 translation of this thesis published by Cambridge
                 University Press in 1911--1912; it was rejected because
                 of its length \cite[pp. 229--230]{Heilbron:1969:GBA}.",
}

@Article{Cody:1981:APF,
  author =       "William J. {Cody, Jr.}",
  title =        "Analysis of Proposals for the Floating-Point
                 Standard",
  journal =      j-COMPUTER,
  volume =       "14",
  number =       "3",
  pages =        "63--69",
  month =        mar,
  year =         "1981",
  bibdate =      "Sun May 2 07:47:15 1999",
  bibsource =    "http://www.math.utah.edu/pub/tex/bib/master.bib",
  acknowledgement = ack-nhfb,
}

@TechReport{Dijkstra:1953:FBV,
  author =       "Edsger W. Dijkstra",
  title =        "Functionele beschrijving van de {ARRA}. ({Dutch})
                 [{Functional} description of the {ARRA}]",
  number =       "12",
  institution =  "Mathematisch Centrum",
  address =      "Amsterdam, The Netherlands",
  year =         "1953",
  bibdate =      "Mon Mar 16 08:14:00 2015",
  bibsource =    "http://www.math.utah.edu/pub/bibnet/authors/d/dijkstra-edsger-w.bib",
  URL =          "http://www.cs.utexas.edu/users/EWD/MCReps/MR12.PDF",
  acknowledgement = ack-nhfb,
  filesize =     "1423 KB",
  language =     "Dutch",
  oldlabel =     "EWD:MR12",
}

@PhdThesis{Dirac:1926:QM,
  author =       "Paul Adrien Maurice Dirac",
  title =        "Quantum Mechanics",
  type =         "{Ph.D.} thesis",
  school =       "Cambridge University",
  address =      "Cambridge, UK",
  day =          "17",
  month =        jun,
  year =         "1926",
  bibdate =      "Mon May 16 12:03:41 2011",
  bibsource =    "http://www.math.utah.edu/pub/bibnet/authors/d/dirac-p-a-m.bib",
  note =         "According to \cite[p. 101]{Farmelo:2009:SMH}, this is
                 the first thesis to be submitted anywhere on the
                 subject of quantum mechanics.",
  acknowledgement = ack-nhfb,
  advisor =      "Ralph H. Fowler (Plummer Chair of Mathematical
                 Sciences)",
}

@PhdThesis{Einstein:1905:NBM,
  author =       "Albert Einstein",
  title =        "{Eine Neue Bestimmung der Molek{\"u}ldimensionen}.
                 ({German}) [{A} new determination of molecular
                 dimensions]",
  type =         "Inaugural dissertation",
  school =       "Bern Wyss.",
  address =      "Bern, Switzerland",
  year =         "1905",
  bibdate =      "Fri Dec 17 10:46:57 2004",
  bibsource =    "http://www.math.utah.edu/pub/tex/bib/einstein.bib",
  note =         "Published in \cite{Einstein:1906:NBM}.",
  acknowledgement = ack-nhfb,
  language =     "German",
  advisor =      "Alfred Kleiner (24 April 1849--3 July 1916)",
  URL =          "http://en.wikipedia.org/wiki/Alfred_Kleiner",
  remark =       "Received August 19, 1905 and published February 8,
                 1906.",
  Schilpp-number = "6",
}

@Article{Einstein:1906:NBM,
  author =       "Albert Einstein",
  title =        "{Eine neue Bestimmung der Molek{\"u}ldimensionen}.
                 ({German}) [{A} new determination of molecular
                 dimensions]",
  journal =      j-ANN-PHYS-1900-4,
  volume =       "324",
  number =       "2",
  pages =        "289--306",
  year =         "1906",
  DOI =          "http://dx.doi.org/10.1002/andp.19063240204",
  ISSN =         "0003-3804",
  ISSN-L =       "0003-3804",
  bibdate =      "Wed Nov 23 14:13:37 MST 2005",
  bibsource =    "http://www.math.utah.edu/pub/tex/bib/einstein.bib",
  note =         "See corrections
                 \cite{Einstein:1911:BMAa,Einstein:1911:BMAb}. This is a
                 slightly revised version of Einstein's doctoral
                 dissertation \cite{Einstein:1905:NBM}.",
  ZMnumber =     "37.0811.01",
  acknowledgement = ack-nhfb,
  Calaprice-number = "7",
  fjournal =     "Annalen der Physik (1900) (series 4)",
  language =     "German",
  Schilpp-number = "11",
  Whittaker-number = "10",
  xxvolume =     "19",
  ZMreviewer =   "Brix, Reg.-Rat Dr. (Steglitz)",
}

@Article{Einstein:1911:BMAa,
  author =       "A. Einstein",
  title =        "{Bemerkung zu meiner Arbeit: Eine Beziehung zwischen
                 dem elastischen Verhalten}. ({German}) [{Remark} on my
                 paper: {``A relationship between the elastic behavior
                 \ldots{}''}]",
  journal =      j-ANN-PHYS-1900-4,
  volume =       "339",
  number =       "3",
  pages =        "590--590",
  year =         "1911",
  DOI =          "http://dx.doi.org/10.1002/andp.19113390312",
  ISSN =         "0003-3804",
  ISSN-L =       "0003-3804",
  bibdate =      "Fri Jun 8 10:31:29 2012",
  bibsource =    "http://www.math.utah.edu/pub/tex/bib/einstein.bib",
  note =         "See \cite{Einstein:1911:BZE}",
  acknowledgement = ack-nhfb,
  fjournal =     "Annalen der Physik (1900) (series 4)",
  language =     "German",
}

@Article{Einstein:1911:BMAb,
  author =       "Albert Einstein",
  title =        "{Berichtigung zu meiner Arbeit: Eine neue Bestimmung
                 der Molek{\"u}ldimensionen}. ({German}) [{Corrections}
                 to my work: a new determination of molecular
                 dimensions]",
  journal =      j-ANN-PHYS-1900-4,
  volume =       "339",
  number =       "3",
  pages =        "591--592",
  year =         "1911",
  DOI =          "http://dx.doi.org/10.1002/andp.19113390313",
  ISSN =         "0003-3804",
  ISSN-L =       "0003-3804",
  bibdate =      "Sat Oct 28 07:30:27 2006",
  bibsource =    "http://www.math.utah.edu/pub/tex/bib/einstein.bib",
  note =         "See \cite{Einstein:1906:NBM}.",
  acknowledgement = ack-nhfb,
  fjournal =     "Annalen der Physik (1900) (series 4)",
  language =     "German",
  Schilpp-number = "40",
  Whittaker-number = "39",
  xxvolume =     "34",
}

@Article{Einstein:1911:BZE,
  author =       "Albert Einstein",
  title =        "{Eine Beziehung zwischen dem elastischen Verhalten und
                 der spezifischen W{\"a}rme bei festen K{\"o}rpen mit
                 einatomigem Molek{\"u}l}. ({German}) [{A} relationship
                 between the elastic behavior and the specific heat of
                 solid bodies with monatomic molecules]",
  journal =      j-ANN-PHYS-1900-4,
  volume =       "339",
  number =       "1",
  pages =        "170--174, 590",
  year =         "1911",
  DOI =          "http://dx.doi.org/10.1002/andp.19113390110",
  ISSN =         "0003-3804",
  ISSN-L =       "0003-3804",
  bibdate =      "Sat Oct 28 07:23:40 2006",
  bibsource =    "http://www.math.utah.edu/pub/tex/bib/einstein.bib",
  note =         "See remarks
                 \cite{Einstein:1911:BMAa,Einstein:1911:BMAb}.",
  acknowledgement = ack-nhfb,
  Calaprice-number = "30",
  fjournal =     "Annalen der Physik (1900) (series 4)",
  language =     "German",
  Schilpp-number = "38",
  Whittaker-number = "37",
  xxvolume =     "34",
}

@Book{Farmelo:2009:SMH,
  author =       "Graham Farmelo",
  title =        "The Strangest Man: The Hidden Life of {Paul Dirac},
                 Mystic of the Atom",
  publisher =    pub-BASIC-BOOKS,
  address =      pub-BASIC-BOOKS:adr,
  pages =        "539 + 8",
  year =         "2009",
  ISBN =         "0-465-01827-0",
  ISBN-13 =      "978-0-465-01827-7",
  LCCN =         "QC16.D57; QC16.D57 F37 2009",
  bibdate =      "Wed Sep 23 11:41:26 2009",
  bibsource =    "http://www.math.utah.edu/pub/bibnet/authors/d/dirac-p-a-m.bib;
                 http://www.math.utah.edu/pub/tex/bib/einstein.bib;
                 http://www.math.utah.edu/pub/tex/bib/master.bib;
                 http://www.math.utah.edu/pub/tex/bib/physperspect.bib;
                 library.mit.edu:9909/mit01",
  price =        "US\$29.95",
  URL =          "http://bnreview.barnesandnoble.com/t5/The-Thinking-Read/The-Strangest-Man-The-Hidden-Life-of-Paul-Dirac-Mystic-of-the/ba-p/1243",
  abstract =     "Paul Dirac was among the great scientific geniuses of
                 the modern age. One of the discoverers of quantum
                 mechanics, the most revolutionary theory of the past
                 century, his contributions had a unique insight,
                 eloquence, clarity, and mathematical power. His
                 prediction of antimatter was one of the greatest
                 triumphs in the history of physics. One of Einstein's
                 most admired colleagues, Dirac was in 1933 the youngest
                 theoretician ever to win the Nobel Prize in physics.
                 Dirac's personality is legendary. He was an
                 extraordinarily reserved loner, relentlessly
                 literal-minded and appeared to have no empathy with
                 most people. Yet he was a family man and was intensely
                 loyal to his friends. His tastes in the arts ranged
                 from Beethoven to Cher, from Rembrandt to Mickey Mouse.
                 Based on previously undiscovered archives, The
                 Strangest Man reveals the many facets of Dirac's
                 brilliantly original mind. A compelling human story,
                 The Strangest Man also depicts a spectacularly exciting
                 era in scientific history.",
  acknowledgement = ack-nhfb,
  subject =      "Dirac, P. A. M; (Paul Adrien Maurice); quantum theory;
                 physicists; Great Britain; biography",
  subject-dates = "1902--1984",
  tableofcontents = "Prologue \\
                 Strangest man \\
                 Abbreviations in notes \\
                 Notes \\
                 Bibliography \\
                 List of plates \\
                 Acknowledgements \\
                 Index",
}

@Article{Goldstine:1946:ENI,
  author =       "H. H. Goldstine and Adele Goldstine",
  title =        "The {Electronic Numerical Integrator and Computer
                 (ENIAC)}",
  journal =      j-MATH-TABLES-OTHER-AIDS-COMPUT,
  volume =       "2",
  number =       "15",
  pages =        "97--110",
  month =        jul,
  year =         "1946",
  CODEN =        "MTTCAS",
  ISSN =         "0891-6837",
  bibdate =      "Tue Oct 13 08:44:19 MDT 1998",
  bibsource =    "http://www.math.utah.edu/pub/tex/bib/master.bib; JSTOR
                 database",
  note =         "Reprinted in \cite[\S 7.7]{Randell:1982:ODC}.",
  acknowledgement = ack-nhfb,
}

@Article{Hall:1994:PNE,
  author =       "Peter Hall and Prakash Patil",
  title =        "Properties of nonparametric estimators of
                 autocovariance for stationary random fields",
  journal =      j-PROBAB-THEORY-RELAT-FIELDS,
  volume =       "99",
  number =       "3",
  publisher =    pub-SV,
  address =      pub-SV:adr,
  pages =        "399--424",
  year =         "1994",
  CODEN =        "PTRFEU",
  ISSN =         "0178-8051 (print), 1432-2064 (electronic)",
  ISSN-L =       "0178-8051",
  bibdate =      "Tue Jan  5 16:50:47 2016",
  acknowledgement = ack-bk,
  fjournal =     "Probability theory and related fields",
  journal-URL =  "http://link.springer.com/journal/440",
}

@Article{Heilbron:1969:GBA,
  author =       "John L. Heilbron and Thomas S. Kuhn",
  title =        "The Genesis of the {Bohr} Atom",
  journal =      j-HIST-STUD-PHYS-SCI,
  volume =       "1",
  number =       "??",
  pages =        "vi, 211--290",
  month =        "????",
  year =         "1969",
  CODEN =        "HSPSAS",
  ISSN =         "0073-2672",
  bibdate =      "Tue Sep 28 21:35:56 MDT 2010",
  bibsource =    "http://www.jstor.org/journals/00732672.html;
                 http://www.math.utah.edu/pub/bibnet/authors/b/bohr-niels.bib;
                 http://www.math.utah.edu/pub/tex/bib/einstein.bib",
  URL =          "http://www.jstor.org/stable/27757291",
  acknowledgement = ack-nhfb,
  fjournal =     "Historical Studies in the Physical Sciences",
  journal-URL =  "http://www.jstor.org/journals/00732672.html",
}

@Article{Johnson:1978:LDT,
  author =       "Steven C. Johnson and Michael E. Lesk",
  title =        "Language Development Tools",
  journal =      j-BELL-SYST-TECH-J,
  volume =       "57",
  number =       "6",
  pages =        "2155--2176",
  month =        jul # "\slash " # aug,
  year =         "1978",
  bibsource =    "http://www.math.utah.edu/pub/tex/bib/master.bib",
  acknowledgement = ack-nhfb,
}

@Book{Knuth:1986:MB,
  author =       "Donald E. Knuth",
  title =        "The {\METAFONT\/}book",
  volume =       "C",
  publisher =    pub-AW,
  address =      pub-AW:adr,
  pages =        "xi + 361",
  year =         "{\noopsort{1986c}}1986",
  ISBN =         "0-201-13445-4",
  ISBN-13 =      "978-0-201-13445-2",
  LCCN =         "Z250.8.M46 K58 1986",
  bibdate =      "Wed Dec 15 10:37:29 1993",
  bibsource =    "http://www.math.utah.edu/pub/tex/bib/master.bib",
  series =       "Computers and Typesetting",
  acknowledgement = ack-nhfb,
}

@Book{Knuth:1986:TB,
  author =       "Donald E. Knuth",
  title =        "The {\TeX\/}book",
  volume =       "{\noopsort{1986a}}A",
  publisher =    pub-AW,
  address =      pub-AW:adr,
  pages =        "ix + 483",
  year =         "1986",
  ISBN =         "0-201-13447-0",
  ISBN-13 =      "978-0-201-13447-6",
  LCCN =         "Z253.4.T47 K58 1986",
  bibdate =      "Wed Dec 15 10:36:52 1993",
  bibsource =    "http://www.math.utah.edu/pub/tex/bib/master.bib",
  series =       "Computers and Typesetting",
  acknowledgement = ack-nhfb,
}

@Book{Knuth:1999:DT,
  author =       "Donald E. Knuth",
  title =        "Digital Typography",
  publisher =    pub-CSLI,
  address =      pub-CSLI:adr,
  pages =        "xvi + 685",
  year =         "1999",
  ISBN =         "1-57586-011-2 (cloth), 1-57586-010-4 (paperback)",
  ISBN-13 =      "978-1-57586-011-4 (cloth), 978-1-57586-010-7
                 (paperback)",
  LCCN =         "Z249.3.K59 1998",
  bibdate =      "Mon May 10 18:01:36 1999",
  bibsource =    "http://www.math.utah.edu/pub/tex/bib/master.bib",
  price =        "US\$90.00 (cloth), US\$39.95 (paperback)",
  acknowledgement = ack-nhfb,
}

@Article{Lahiri:2002:ADA,
  author =       "Soumendra Nath Lahiri and Yoondong Lee and Noel
                 Cressie",
  title =        "On asymptotic distribution and asymptotic efficiency
                 of least squares estimators of spatial variogram
                 parameters",
  journal =      j-J-STAT-PLANN-INFERENCE,
  volume =       "103",
  number =       "1",
  publisher =    pub-ELSEVIER,
  address =      pub-ELSEVIER:adr,
  pages =        "65--85",
  year =         "2002",
  CODEN =        "JSPIDN",
  ISSN =         "0378-3758 (print), 1873-1171 (electronic)",
  ISSN-L =       "0378-3758",
  bibdate =      "Tue Jan  5 16:50:47 2016",
  acknowledgement = ack-bk,
  fjournal =     "Journal of Statistical Planning and Inference",
}

@Book{Lamport:1985:LDP,
  author =       "Leslie Lamport",
  title =        "{\LaTeX}\emdash {A} Document Preparation System\emdash
                 User's Guide and Reference Manual",
  publisher =    pub-AW,
  address =      pub-AW:adr,
  pages =        "xiv + 242",
  year =         "1985",
  ISBN =         "0-201-15790-X",
  ISBN-13 =      "978-0-201-15790-1",
  LCCN =         "Z253.4.L38 L35 1986",
  bibdate =      "Wed Dec 15 10:38:04 1993",
  bibsource =    "http://www.math.utah.edu/pub/tex/bib/master.bib",
  acknowledgement = ack-nhfb,
}

@Book{Mittelbach:2004:LC,
  author =       "Frank Mittelbach and Michel Goossens and Johannes
                 Braams and David Carlisle and Chris Rowley and
                 Christine Detig and Joachim Schrod",
  title =        "The {\LaTeX} Companion",
  publisher =    pub-AW,
  address =      pub-AW:adr,
  edition =      "Second",
  pages =        "xxvii + 1090",
  year =         "2004",
  ISBN =         "0-201-36299-6",
  ISBN-13 =      "978-0-201-36299-2",
  LCCN =         "Z253.4.L38 G66 2004",
  bibdate =      "Thu May 20 13:23:24 2004",
  bibsource =    "http://www.math.utah.edu/pub/tex/bib/master.bib",
  price =        "US\$59.99, CAN\$86.99",
  series =       "Tools and Techniques for Computer Typesetting",
  acknowledgement = ack-nhfb,
  remark =       "Authors listed as: Frank Mittelbach and Michel
                 Goossens with Johannes Braams, David Carlisle, and
                 Chris Rowley, and with contributions by Christine Detig
                 and Joachim Schrod.",
}

@Book{Randell:1982:ODC,
  editor =       "Brian Randell",
  title =        "The Origins of Digital Computers: Selected Papers",
  publisher =    pub-SV,
  address =      pub-SV:adr,
  edition =      "Third",
  pages =        "xvi + 580",
  year =         "1982",
  ISBN =         "0-387-11319-3, 3-540-11319-3",
  ISBN-13 =      "978-0-387-11319-7, 978-3-540-11319-5",
  LCCN =         "TK7885.A5 O741 1982",
  bibdate =      "Sun Nov 03 08:28:47 2002",
  bibsource =    "http://www.math.utah.edu/pub/tex/bib/adabooks.bib;
                 http://www.math.utah.edu/pub/tex/bib/master.bib",
  series =       "Texts and monographs in computer science",
  acknowledgement = ack-nhfb,
  remark =       "See also other editions
                 \cite{Randell:1973:ODC,Randell:1975:ODC}.",
  tableofcontents = "Chapter I: Introduction 1 \par Chapter II:
                 Analytical Engines 9 \\
                 2.1. On the Mathematical Powers of the Calculating
                 Engine \\
                 C. Babbage (1837) 19 \\
                 2.2. Report of the Committee \ldots{} appointed to
                 consider the advisability and to estimate the expense
                 of constructing Mr. Babbage's Analytical Machine, and
                 of printing tables by its means \\
                 C. W. Merrifield (1879) 55 \\
                 2.3. Babbage's Analytical Engine \\
                 H. P. Babbage (1910) 67 \\
                 2.4. On a Proposed Analytical Machine \\
                 P. E. Ludgate (1909) 73 \\
                 2.5. Essays on Automatics -- Its Definition --
                 Theoretical Extent of its Applications \\
                 L. Torres Y Quevedo 1914 89 \\
                 2.6. Electromechanical Calculating Machine \\
                 L. Torres y Quevedo (1920) 109 \\
                 2.7. Scheme of Assembly of a Machine Suitable for the
                 Calculations of Celestial Mechanics \\
                 L. Couffignal (1938) 121 \par Chapter III: Tabulating
                 Machines 127 \\
                 3.1. An Electric Tabulating System \\
                 H. Hollerith (1889) 133 \\
                 3.2. Calculating Machines: Their Principles and
                 Evolution \\
                 L. Couffignal (1933) 145 \\
                 3.3. The Automatic Calculator IPM \\
                 H.-J. Dreyer and A. Walther (1946) 155 \par Chapter IV:
                 Zuse and Schreyer 159 \\
                 4.1. Method for Automatic Execution of Calculations
                 with the aid of Computers \\
                 K. Zuse 1936 163 \\
                 4.2. Technical Computing Machines \\
                 H. Schreyer (1939) 171 \\
                 4.3. The Outline of a Computer Development from
                 Mechanics to Electronics \\
                 K. Zuse 1962 175 \par Chapter V: Aiken and IBM 191 \\
                 5.1. Proposed Automatic Calculating Machine \\
                 H. H. Aiken (1937) 195 \\
                 5.2. The Automatic Sequence Controlled Calculator \\
                 H. H. Aiken and G. M. Hopper (1946) 203 \\
                 5.3. Electrons and Computation \\
                 W. J. Eckert (1948) 223 \\
                 5.4. The IBM Card-Programmed Electronic Calculator \\
                 J. W. Sheldon and L. Tatum (1951) 233 \par Chapter VI:
                 Bell Telephone Laboratories 241 \\
                 6.1. Computer \\
                 G. R. Stibitz (1940) 247 \\
                 6.2. The Relay Interpolator \\
                 O. Cesareo (1946) 253 \\
                 6.3. The Ballistic Computer \\
                 J. Juley (1947) 257 \\
                 6.4. A Bell Telephone Laboratories' Computing Machine.
                 \\
                 F. L. Alt (1948) 263 \par Chapter VII: The Advent of
                 Electronic Computers 293 \\
                 7.1. Binary Calculation \\
                 E. W. Phillips (1936) 303 \\
                 7.2. Computing Machine for the Solution of Large
                 Systems of Linear Algebraic Equations \\
                 J. V. Atanasoff (1940) 315 \\
                 7.3. Arithmetical Machine \\
                 V. Bush (1940) 337 \\
                 7.4. Report on Electronic Predictors for Anti-Aircraft
                 Fire Control \\
                 J. A. Rajchman et al. (1942) \\
                 7.5. Colossus: Godfather of the Computer \\
                 B. Randell (1977) \\
                 7.6. The Use of High Speed Vacuum Tube Devices for
                 Calculating \\
                 J. W. Mauchly (1942) 355 \\
                 7.7. The Electronic Numerical Integrator and Computer.
                 (ENIAC) \\
                 H. H. Goldstine and A. Goldstine (1946) 359 \par
                 Chapter VIII: Stored Program Electronic Computers 375
                 \\
                 8.1. First Draft of a Report on the EDVAC \\
                 J. von Neumann (1945) 383 \\
                 8.2. Preparation of Problems for EDVAC-type Machines.
                 \\
                 J. W. Mauchly (1947) 393 \\
                 8.3. Preliminary Discussion of the Logical Design of an
                 Electronic Computing Instrument \\
                 A. W. Burks et al. (1946) 399 \\
                 8.4. Electronic Digital Computers \\
                 F. C. Williams and T. Kilburn (1948) 415 \\
                 8.5. The EDSAC \\
                 M. V. Wilkes and W. Renwick (1949) 417 \\
                 8.6. The EDSAC Demonstration \\
                 B. H. Worsley (1949) 423 \par Bibliography 431 \\
                 Index to Bibliography 545 \\
                 Subject Index 563",
}

@Book{Robbins:2005:CSS,
  author =       "Arnold Robbins and Nelson H. F. Beebe",
  title =        "Classic Shell Scripting",
  publisher =    pub-ORA-MEDIA,
  address =      pub-ORA-MEDIA:adr,
  pages =        "xxii + 534",
  year =         "2005",
  ISBN =         "0-596-00595-4",
  ISBN-13 =      "978-0-596-00595-5",
  LCCN =         "QA76.76.O63 R633 2005",
  bibdate =      "Tue Jul 12 16:13:16 2005",
  bibsource =    "http://www.math.utah.edu/pub/tex/bib/master.bib;
                 http://www.math.utah.edu/pub/tex/bib/string-matching.bib",
  URL =          "http://www.oreilly.com/catalog/shellsrptg/",
  acknowledgement = ack-nhfb,
  tableofcontents = "1.1 Unix History 1 \\
                 1.2 Software Tools Principles 4 \\
                 2.1 Scripting Languages Versus Compiled Languages 8 \\
                 2.2 Why Use a Shell Script? 9 \\
                 2.3 A Simple Script 9 \\
                 2.4 Self-Contained Scripts: The \#! First Line 10 \\
                 2.5 Basic Shell Constructs 12 \\
                 2.6 Accessing Shell Script Arguments 23 \\
                 2.7 Simple Execution Tracing 24 \\
                 2.8 Internationalization and Localization 25 \\
                 3 Searching and Substitutions 30 \\
                 3.1 Searching for Text 30 \\
                 3.2 Regular Expressions 31 \\
                 3.3 Working with Fields 56 \\
                 4 Text Processing Tools 67 \\
                 4.1 Sorting Text 67 \\
                 4.2 Removing Duplicates 75 \\
                 4.3 Reformatting Paragraphs 76 \\
                 4.4 Counting Lines, Words, and Characters 77 \\
                 4.5 Printing 78 \\
                 4.6 Extracting the First and Last Lines 83 \\
                 5 Pipelines Can Do Amazing Things 87 \\
                 5.1 Extracting Data from Structured Text Files 87 \\
                 5.2 Structured Data for the Web 94 \\
                 5.3 Cheating at Word Puzzles 100 \\
                 5.4 Word Lists 102 \\
                 5.5 Tag Lists 105 \\
                 6 Variables, Making Decisions, and Repeating Actions
                 109 \\
                 6.1 Variables and Arithmetic 109 \\
                 6.2 Exit Statuses 120 \\
                 6.3 The case Statement 129 \\
                 6.4 Looping 130 \\
                 6.5 Functions 135 \\
                 7 Input and Output, Files, and Command Evaluation 140
                 \\
                 7.1 Standard Input, Output, and Error 140 \\
                 7.2 Reading Lines with read 140 \\
                 7.3 More About Redirections 143 \\
                 7.4 The Full Story on printf 147 \\
                 7.5 Tilde Expansion and Wildcards 152 \\
                 7.6 Command Substitution 155 \\
                 7.7 Quoting 161 \\
                 7.8 Evaluation Order and eval 162 \\
                 7.9 Built-in Commands 168 \\
                 8 Production Scripts 177 \\
                 8.1 Path Searching 177 \\
                 8.2 Automating Software Builds 192 \\
                 9 Enough awk to Be Dangerous 223 \\
                 9.1 The awk Command Line 224 \\
                 9.2 The awk Programming Model 225 \\
                 9.3 Program Elements 226 \\
                 9.4 Records and Fields 236 \\
                 9.5 Patterns and Actions 238 \\
                 9.6 One-Line Programs in awk 240 \\
                 9.7 Statements 244 \\
                 9.8 User-Defined Functions 252 \\
                 9.9 String Functions 255 \\
                 9.10 Numeric Functions 264 \\
                 10 Working with Files 267 \\
                 10.1 Listing Files 267 \\
                 10.2 Updating Modification Times with touch 273 \\
                 10.3 Creating and Using Temporary Files 274 \\
                 10.4 Finding Files 279 \\
                 10.5 Running Commands: xargs 293 \\
                 10.6 Filesystem Space Information 295 \\
                 10.7 Comparing Files 299 \\
                 11 Extend Example: Merging User Databases 308 \\
                 11.1 The Problem 308 \\
                 11.2 The Password Files 309 \\
                 11.3 Merging Password Files 310 \\
                 11.4 Changing File Ownership 317 \\
                 11.5 Other Real-World Issues 321 \\
                 12 Spellchecking 325 \\
                 12.1 The spell Program 325 \\
                 12.2 The Original Unix Spellchecking Prototype 326 \\
                 12.3 Improving ispell and aspell 327 \\
                 12.4 A Spellchecker in awk 331 \\
                 13 Processes 352 \\
                 13.1 Process Creation 353 \\
                 13.2 Process Listing 354 \\
                 13.3 Process Control and Deletion 360 \\
                 13.4 Process System-Call Tracing 368 \\
                 13.5 Process Accounting 372 \\
                 13.6 Delayed Scheduling of Processes 373 \\
                 13.7 The /proc Filesystem 378 \\
                 14 Shell Portability Issues and Extensions 381 \\
                 14.1 Gotchas 381 \\
                 14.2 The bash shopt Command 385 \\
                 14.3 Common Extensions 389 \\
                 14.4 Download Information 402 \\
                 14.5 Other Extended Bourne-Style Shells 405 \\
                 14.6 Shell Versions 405 \\
                 14.7 Shell Initialization and Termination 406 \\
                 15 Secure Shell Scripts: Getting Started 413 \\
                 15.1 Tips for Secure Shell Scripts 413 \\
                 15.2 Restricted Shell 416 \\
                 15.3 Trojan Horses 418 \\
                 15.4 Setuid Shell Scripts: A Bad Idea 419 \\
                 15.5 ksh93 and Privileged Mode 21 \\
                 A Writing Manual Pages 423 \\
                 B Files and Filesystems 437 \\
                 C Important Unix Commands 473",
}

@Book{Salomon:1995:AT,
  author =       "David Salomon",
  title =        "The Advanced {\TeX}book",
  publisher =    pub-SV,
  address =      pub-SV:adr,
  pages =        "xx + 490",
  year =         "1995",
  ISBN =         "0-387-94556-3",
  ISBN-13 =      "978-0-387-94556-9",
  LCCN =         "Z253.4.T47 S25 1995",
  bibdate =      "Fri Sep 10 09:26:14 1999",
  bibsource =    "http://www.math.utah.edu/pub/tex/bib/master.bib",
  price =        "US\$39.95",
  URL =          "http://www.booksbydavidsalomon.com/;
                 http://www.ecs.csun.edu/~dxs/tatb.advertis/tatbAd.html",
  acknowledgement = ack-nhfb,
}

@Book{Singh:1997:FEE,
  author =       "Simon Singh",
  title =        "{Fermat}'s Enigma: The Epic Quest to Solve the World's
                 Greatest Mathematical Problem",
  publisher =    pub-WALKER,
  address =      pub-WALKER:adr,
  pages =        "xiii + 315",
  year =         "1997",
  ISBN =         "0-8027-1331-9",
  ISBN-13 =      "978-0-8027-1331-5",
  LCCN =         "QA244.S55 1997",
  bibdate =      "Thu Apr 16 13:08:20 1998",
  bibsource =    "http://www.math.utah.edu/pub/tex/bib/master.bib;
                 http://www.walkerbooks.com/",
  acknowledgement = ack-nhfb,
  libnote =      "Not in my library.",
  mynote =       "This is a very readable, and interesting, account of
                 the history and final proof of Fermat's Last Theorem,
                 namely, that the equation $x^n + y^n = z^n$ has no
                 whole number solutions for $n > 2$, and of the
                 Shimura--Taniyama conjecture about the equivalence of
                 modular forms and elliptic equations, whose validity
                 implies the correctness of Fermat's Last Theorem. The
                 final proof was published in 1995
                 \cite{Wiles:1995:MEC,Taylor:1995:RTP}.\par

                 Polished brute force numerical calculations up to the
                 1980s showed that the theorem was true for $n \leq
                 4,000,000$ [book: p. 158].\par

                 Fermat's theorem was first recorded in about 1637, but
                 went undiscovered until about 1670, five years after
                 Fermat's death on January 12, 1665. In the margin of
                 his {\em Arithmetica}, he wrote in Latin
                 \begin{quotation} Cubem autem in duos cubos, aut
                 quadratoquadratum in duos quadratoquadratos, et
                 generaliter nullam in infinitum ultra quadratum
                 potestatem in duos eiusdem nominis fas est dividere.
                 \end{quotation} or in English, \begin{quotation} It is
                 impossible for a cube to be written as a sum of two
                 cubes or a fourth power to be written as the sum of two
                 fourth powers or, in general, for any number which is a
                 power greater than the second to be written as a sum of
                 two like powers. \end{quotation} \par

                 This remark was followed by a handwritten marginal note
                 \begin{quotation} Cuius rei demonstrationem mirabilem
                 sane detexi hanc marginis exiguitas non caperet.
                 \end{quotation} or in English, \begin{quotation} I have
                 a truly marvelous demonstration of this proposition
                 which this margin is too narrow to contain.
                 \end{quotation} [excerpted from the book, pp.
                 61--62].\par

                 The proof of this proposition foiled the world's best
                 mathematicians for 358 years.",
}

@Article{Taylor:1995:RTP,
  author =       "Richard Taylor and Andrew Wiles",
  title =        "Ring-theoretic properties of certain {Hecke}
                 algebras",
  journal =      j-ANN-MATH,
  volume =       "142",
  pages =        "553--572",
  year =         "1995",
  bibdate =      "Sun May 02 07:55:01 1999",
  bibsource =    "http://www.math.utah.edu/pub/tex/bib/master.bib",
  note =         "This paper is a companion to \cite{Wiles:1995:MEC},
                 providing the remedy for the flaw in Wiles' 1993 proof
                 of Fermat's Last Theorem. See also
                 \cite{Singh:1997:FEE}.",
  acknowledgement = ack-nhfb,
}

@Article{Wiles:1995:MEC,
  author =       "Andrew Wiles",
  title =        "Modular elliptic curves and {Fermat's Last Theorem}",
  journal =      j-ANN-MATH,
  volume =       "142",
  pages =        "443--551",
  year =         "1995",
  bibdate =      "Sun May 02 07:55:34 1999",
  bibsource =    "http://www.math.utah.edu/pub/tex/bib/master.bib",
  note =         "This paper contains the bulk of the author's proof of
                 the Taniyama--Shimura conjecture and Fermat's Last
                 Theorem, carried out at Princeton University. The
                 companion paper \cite{Taylor:1995:RTP} contains the
                 solution to the flaw discovered in the proof that Wiles
                 announced on June 23, 1993, in Cambridge, England. See
                 also \cite{Singh:1997:FEE}. In March 2014, now Royal
                 Society Research Professor Sir Andrew John Wiles of
                 Oxford University was awarded the prestigious Abel
                 Prize in Mathematics for this proof --- an award that
                 also carries a cash prize of six million Norwegian
                 crowns, or about US\$722,000.",
  acknowledgement = ack-nhfb,
}

@Book{Olver:2010:NHM,
  editor =       "Frank W. J. Olver and Daniel W. Lozier and Ronald F.
                 Boisvert and Charles W. Clark",
  key =          "NIST",
  booktitle =    "{NIST} Handbook of Mathematical Functions",
  title =        "{NIST} Handbook of Mathematical Functions",
  publisher =    pub-CAMBRIDGE,
  address =      pub-CAMBRIDGE:adr,
  pages =        "xv + 951",
  year =         "2010",
  ISBN =         "0-521-19225-0",
  ISBN-13 =      "978-0-521-19225-5",
  LCCN =         "QA331 .N57 2010",
  bibdate =      "Sat May 15 09:08:09 2010",
  bibsource =    "http://www.math.utah.edu/pub/tex/bib/master.bib",
  price =        "US\$99.00",
  URL =          "http://dlmf.nist.gov/;
                 http://www.cambridge.org/catalogue/catalogue.asp?isbn=9780521192255",
  acknowledgement = ack-nhfb,
  remark =       "Includes a DVD with a searchable PDF of each
                 chapter.",
  tableofcontents = "1. Algebraic and analytic methods [Ranjan Roy,
                 Frank W. J. Olver, Richard A. Askey and Roderick S. C.
                 Wong]\\
                 2. Asymptotic approximations [Frank W. J. Olver and
                 Roderick S. C. Wong]\\
                 3. Numerical methods [Nico M. Temme]\\
                 4. Elementary functions [Ranjan Roy and Frank W. J.
                 Olver] \\
                 5. Gamma function [Richard A. Askey and Ranjan Roy] \\
                 6. Exponential, logarithmic, sine and cosine integrals
                 [Nico M. Temme] \\
                 7. Error functions, Dawson's and Fresnel integrals
                 [Nico M. Temme] \\
                 8. Incomplete gamma and related functions [Richard B.
                 Paris] \\
                 9. Airy and related functions [Frank W. J. Olver] \\
                 10. Bessel functions [Frank W. J. Olver and Leonard C.
                 Maximon] \\
                 11. Struve and related functions [Richard B. Paris] \\
                 12. Parabolic cylinder functions [Nico M. Temme] \\
                 13. Confluent hypergeometric functions [Adri B. Olde
                 Daalhuis] \\
                 14. Legendre and related functions [T. Mark Dunster]
                 \\
                 15. Hypergeometric function [Adri B. Olde Daalhuis] \\
                 16. Generalized hypergeometric functions and Meijer
                 G-function [Richard A. Askey and Adri B. Olde Daalhuis]
                 \\
                 17. q-Hypergeometric and related functions [George E.
                 Andrews] \\
                 18. Orthogonal polynomials [Tom H. Koornwinder,
                 Roderick S. C. Wong, Roelof Koekoek and Rene F.
                 Swarttouw] \\
                 19. Elliptic integrals [Bille C. Carlson] \\
                 20. Theta functions [William P. Reinhardt and Peter L.
                 Walker] \\
                 21. Multidimensional theta functions [Bernard
                 Deconinck] \\
                 22. Jacobian elliptic functions [William P. Reinhardt
                 and Peter L. Walker] \\
                 23. Weierstrass elliptic and modular functions [William
                 P. Reinhardt and Peter L. Walker] \\
                 24. Bernoulli and Euler polynomials [Karl Dilcher] \\
                 25. Zeta and related functions [Tom M. Apostol] \\
                 26. Combinatorial analysis [David M. Bressoud] \\
                 27. Functions of number theory [Tom M. Apostol] \\
                 28. Mathieu functions and Hill's equation [Gerhard
                 Wolf] \\
                 29. Lam{\'e} functions [Hans Volkmer] \\
                 30. Spheroidal wave functions [Hans Volkmer] \\
                 31. Heun functions [Brian D. Sleeman and Vadim
                 Kuznetsov] \\
                 32. Painlev{\'e} transcendents [Peter A. Clarkson] \\
                 33. Coulomb functions [Ian J. Thompson] \\
                 34. 3j, 6j, 9j symbols [Leonard C. Maximon] \\
                 35. Functions of matrix argument [Donald St. P.
                 Richards] \\
                 36. Integrals with coalescing saddles [Michael V. Berry
                 and Chris Howls]",
}

@Article{Huskey:1980:LLC,
  author =       "Velma R. Huskey and Harry D. Huskey",
  title =        "{Lady Lovelace} and {Charles Babbage}",
  journal =      j-ANN-HIST-COMPUT,
  volume =       "2",
  number =       "4",
  pages =        "299--329",
  month =        oct # "\slash " # dec,
  year =         "1980",
  CODEN =        "AHCOE5",
  ISSN =         "0164-1239",
  bibdate =      "Fri Nov 1 15:29:17 MST 2002",
  bibsource =    "http://www.computer.org/annals/an1980/",
  URL =          "http://dlib.computer.org/an/books/an1980/pdf/a4299.pdf;
                 http://www.computer.org/annals/an1980/a4299abs.htm",
  acknowledgement = ack-nhfb,
}


@Article{Kim:1999:AFC,
  author =       "Eugene Eric Kim and Betty Alexandra Toole",
  title =        "{Ada} and the First Computer: The collaboration
                 between Ada, countess of Lovelace, and computer pioneer
                 {Charles Babbage} resulted in a landmark publication
                 that described how to program the world's first
                 computer",
  journal =      j-SCI-AMER,
  volume =       "280",
  number =       "5",
  pages =        "76--81",
  month =        may,
  year =         "1999",
  CODEN =        "SCAMAC",
  ISSN =         "0036-8733 (print), 1946-7087 (electronic)",
  ISSN-L =       "0036-8733",
  bibdate =      "Mon Nov 13 06:19:18 MST 2000",
  bibsource =    "OCLC Contents1st database;
                 http://www.sciam.com/1999/0509issue/0509quicksummary.html",
  abstract =     "Augusta Ada King was countess of Lovelace and daughter
                 to the poet Lord Byron. More important, as a
                 mathematician, she extended Charles Babbage's work-on
                 his proposed Analytical Engine and published the first
                 in-depth paper on programming a computer.",
  acknowledgement = ack-nhfb,
  keywords =     "Bernoulli numbers",
}
