
% daf paper

@article{AndrewMorozov2007,
author = {{Andrew Morozov}, Deborah Kilgore},
title = {{Breadth in Design Problem Scoping: Using Insights from Experts to Investigate Student Processes}},
year = {2007}
}
@article{Atman2009,
author = {Atman, CJ and Deibel, K and Borgford-Parnell, J},
journal = {International Conference on Engineering Design},
title = {{The process of engineering design: A comparison of three representations}},
year = {2009}
}
@article{Ball1995a,
author = {Ball, LJ and Ormerod, TC},
journal = {International Journal of Human-Computer Studies},
title = {{Structured and opportunistic processing in design: A critical discussion}},
year = {1995}
}
@article{Bjorgvinsson2010,
author = {Bj\"{o}rgvinsson, E and Ehn, P and Hillgren, PA},
journal = {Proceedings of the 11th Biennial \ldots},
title = {{Participatory design and democratizing innovation}},
year = {2010}
}
@article{Bjorklund2013,
author = {Bj\"{o}rklund, Tua A.},
doi = {10.1016/j.destud.2012.08.005},
issn = {0142694X},
journal = {Design Studies},
month = mar,
number = {2},
pages = {135--160},
title = {{Initial mental representations of design problems: Differences between experts and novices}},
volume = {34},
year = {2013}
}
@article{Boehm1988,
author = {Boehm, BW},
journal = {IEEE Computer},
title = {{A Spiral Model of Software Development and Enhancement}},
year = {1988}
}
@article{Bracken2006,
author = {Bracken, LJ and Bull, N and Oughton, EA},
journal = {Transactions of the Institute of British \ldots},
title = {{'What Do You Mean?'The Importance of Language in Developing Interdisciplinary Research}},
year = {2006}
}
@article{Buchanan1992,
author = {Buchanan, R},
journal = {Design Issues},
title = {{Wicked problems in design thinking}},
year = {1992}
}
@article{Cardella2008,
author = {Cardella, ME and Atman, CJ and Turns, J and Adams, RS},
journal = {International Journal of Engineering Education},
number = {2},
pages = {246},
title = {{Students with differing design processes as freshmen: Case studies on change}},
volume = {24},
year = {2008}
}
@article{Cardella2006,
author = {Cardella, Monica E. and Atman, Cynthia J. and Adams, Robin S.},
doi = {10.1016/j.destud.2005.05.001},
issn = {0142694X},
journal = {Design Studies},
month = jan,
number = {1},
pages = {5--24},
title = {{Mapping between design activities and external representations for engineering student designers}},
volume = {27},
year = {2006}
}
@article{Carpendale2008a,
author = {Carpendale, S},
journal = {Information Visualization},
title = {{Evaluating information visualizations}},
year = {2008}
}
@article{Chee2011,
author = {Koh, Lian Chee and Slingsby, Adrian and Dykes, Jason and Kam, Tin Seong},
journal = {Information Visualization},
pages = {90--95},
title = {{Developing and applying a user-centered model for the design and implementation of information visualization tools}},
year = {2011}
}
@article{Dean2006,
author = {Dean, Douglas L and Hender, Jillian M and Rodgers, Thomas L and Santanen, Eric L},
journal = {Journal of the Association for Information Systems},
title = {{Identifying quality, novel, and creative ideas: Constructs and scales for idea evaluation}},
year = {2006},
volume={7},
number={10},
}
@article{DIS2010,
author = {DIS, ISO},
journal = {International Organization for Standardization (ISO). Switzerland},
title = {{ISO 9241-210: 2009. Ergonomics of human system interaction-Part 210: Human-centred design for interactive systems (formerly known as 13407)}},
year = {2010}
}
@article{Dow2010,
author = {Dow, Steven P. and Glassco, Alana and Kass, Jonathan and Schwarz, Melissa and Schwartz, Daniel L. and Klemmer, Scott R.},
doi = {10.1145/1879831.1879836},
issn = {10730516},
journal = {ACM Transactions on Computer-Human Interaction},
month = dec,
number = {4},
pages = {1--24},
title = {{Parallel prototyping leads to better design results, more divergence, and increased self-efficacy}},
volume = {17},
year = {2010}
}
@article{Dykes2010,
author = {Dykes, J and Wood, J and Slingsby, A},
journal = {IEEE Transactions on Visualization and \ldots},
title = {{Rethinking Map Legends with Visualization}},
year = {2010}
}
@article{Ehn2008,
author = {Ehn, P},
journal = {Proceedings of the Tenth Anniversary Conference on \ldots},
title = {{Participation in design things}},
year = {2008}
}
@book{Endsley2003,
author = {Endsley, MR and Bolt\^{a}e, B and Jones, DG},
title = {{Designing for Situtation Awareness: An Approach to User-centered Design}},
year = {2003}
}
@article{Espinosa1999,
author = {Espinosa, OJ},
journal = {Information Visualization},
title = {{Domain analysis: a technique to design a user-centered visualization framework}},
year = {1999}
}
@inproceedings{Fallman2003a,
author = {Fallman, Daniel},
booktitle = {Proceedings of the SIGCHI Conference on Human Factors in Computing Systems},
title = {{Design-oriented human-computer interaction}},
year = {2003}
}
@article{Farrell2013,
author = {Farrell, Robert and Hooker, Cliff},
doi = {10.1016/j.destud.2013.05.001},
issn = {0142694X},
journal = {Design Studies},
month = nov,
number = {6},
pages = {681--705},
title = {{Design, science and wicked problems}},
volume = {34},
year = {2013}
}
@inproceedings{Furniss2011a,
address = {New York, New York, USA},
author = {Furniss, Dominic and Blandford, Ann and Curzon, Paul},
booktitle = {Proceedings of the 2011 annual conference on Human factors in computing systems - CHI '11},
doi = {10.1145/1978942.1978960},
isbn = {9781450302289},
month = may,
pages = {113},
publisher = {ACM Press},
title = {{Confessions from a grounded theory PhD}},
year = {2011}
}
@article{Gandra2013a,
author = {da Gandra, Maria and Hea, Ma Pgce and van Neck, Maaike and Hea, Ma},
journal = {Parsons Journal for Information Mapping},
title = {{(In)forming the Information Design Student}},
year = {2013}
}
@article{Goel1992a,
author = {Goel, V and Pirolli, P},
journal = {Cognitive Science},
title = {{The Structure of Design Problem Spaces}},
year = {1992}
}
@article{Goldschmidt2013,
author = {Goldschmidt, Gabriela and Rodgers, Paul A.},
doi = {10.1016/j.destud.2013.01.004},
issn = {0142694X},
journal = {Design Studies},
month = jul,
number = {4},
pages = {454--471},
title = {{The design thinking approaches of three different groups of designers based on self-reports}},
volume = {34},
year = {2013}
}
@article{Goodwin2013a,
author = {Goodwin, S. and Dykes, J. and Jones, S. and Dillingham, I. and Dove, G. and Duffy, A. and Kachkaev, A. and Slingsby, A. and Wood, J.},
journal = {IEEE Transactions on Visualization and Computer Graphics},
month = aug,
publisher = {IEEE},
title = {{Creative user-centered visualization design for energy analysts and modelers}},
volume={19},
number={12},
pages={2516--2525},
year = {2013}
}
@article{Hanington2003,
author = {Hanington, Bruce},
journal = {Design Issues},
title = {{Methods in the making: A perspective on the state of human research in design}},
year = {2003},
volume={19},
number={4},
pages={9--18},
publisher={MIT Press}
}
@inproceedings{Hartmann2006a,
author = {Hartmann, B and Klemmer, SR and Bernstein, M},
booktitle = {Proceedings of the ACM Symposium on User Interface Software and Technology},
title = {{Reflective physical prototyping through integrated design, test, and analysis}},
year = {2006},
pages={299--308},
organization={ACM}
}
@article{Hernandez2010,
author = {Hernandez, NV and Shah, JJ and Smith, SM},
journal = {Design Studies},
title = {{Understanding design ideation mechanisms through multilevel aligned empirical studies}},
year = {2010},
volume={31},
number={4},
pages={382--410},
publisher={Elsevier}
}
@article{Howard2008,
author = {Howard, T.J. and Culley, S.J. and Dekoninck, E.},
doi = {10.1016/j.destud.2008.01.001},
issn = {0142694X},
journal = {Design Studies},
month = mar,
number = {2},
pages = {160--180},
title = {{Describing the creative design process by the integration of engineering design and cognitive psychology literature}},
volume = {29},
year = {2008},
publisher = {Elsevier}
}
@inproceedings{Hutchinson2003a,
author = {Hutchinson, Hilary and Mackay, Wendy and Westerlund, Bo and Bederson, Benjamin B and Druin, Allison and Plaisant, Catherine and Beaudouin-Lafon, Michel and Conversy, St\{$\backslash$'e\}phane and Evans, Helen and Hansen, Heiko},
pages = {17--24},
title = {{Technology probes: inspiring design for and with families}},
year = {2003},
booktitle={Proceedings of the SIGCHI Conference on Human Factors in Computing Systems},
organization={ACM}
}
@book{Institute2012,
author = {Institute, LUMA},
isbn = {0985750901},
publisher = {LUMA Institute},
title = {{Innovating for People Handbook of Human-Centered Design Methods}},
year = {2012}
}
@article{Isenberg2013a,
author={Isenberg, Tobias and Isenberg, Petra and Chen, Jian and Sedlmair, Michael and Moller, Torsten},
journal = {IEEE Transactions on Visualization and Computer Graphics},
title = {{A systematic review on the practice of evaluating visualization}},
year = {2013},
volume={19},
number={12},
pages={2818--2827},
publisher={IEEE}
}
@inproceedings{Jones2008,
author = {Jones, Sara and Lynch, Perry and Maiden, Neil and Lindstaedt, Stefanie},
booktitle = {IEEE International Requirements Engineering},
pages = {289--294},
publisher = {IEEE},
title = {{Use and influence of creative ideas and requirements for a work-integrated learning system}},
year = {2008}
}
@article{Karlqvist1999,
author = {Karlqvist, A},
journal = {Policy Sciences},
title = {{Going beyond Disciplines: The Meanings of Interdisciplinarity}},
year = {1999}
}
@article{Kirby2013,
 author = {Kirby, Robert M. and Meyer, Miriah},
 title = {Visualization Collaborations: What Works and Why},
 journal = {IEEE Comput. Graph. Appl.},
 issue_date = {November 2013},
 volume = {33},
 number = {6},
 month = nov,
 year = {2013},
 issn = {0272-1716},
 pages = {82--88},
 numpages = {7},
 url = {http://dx.doi.org/10.1109/MCG.2013.101},
 doi = {10.1109/MCG.2013.101},
 acmid = {2587858},
 publisher = {IEEE Computer Society Press},
 address = {Los Alamitos, CA, USA},
} 
@book{Kumar2012,
author = {Kumar, V},
title = {{101 Design Methods: A Structured Approach for Driving Innovation in Your Organization}},
year = {2012}
}
@article{Lam2011a,
author = {Lam, Heidi and Bertini, Enrico and Isenberg, Petra and Plaisant, Catherine and Carpendale, Sheelagh},
doi = {10.1109/TVCG.2011.279},
issn = {1941-0506},
journal = {IEEE Transactions on Visualization and Computer Graphics},
month = nov,
number = {9},
pages = {1520--1536},
pmid = {22144529},
publisher = {IEEE},
title = {{Empirical studies in information visualization: Seven scenarios}},
volume = {18},
year = {2011}
}
@book{Lidwell2010,
author = {Lidwell, W and Holden, K},
title = {{Universal Principles of Design}},
year = {2010},
publisher={Rockport Publishers}
}
@article{Lloyd2011,
author = {Lloyd, David and Dykes, Jason},
journal = {IEEE Transactions on Visualization and Computer Graphics},
number = {12},
pages = {2498--2507},
title = {{Human-centered approaches in geovisualization design: Investigating multiple methods through long-term case study}},
volume = {17},
year = {2011}
}
@article{Lowgren2013,
author = {L\"{o}wgren, Jonas and Reimer, Bo},
doi = {10.3390/challe4010086},
issn = {2078-1547},
journal = {Challenges},
language = {en},
month = may,
number = {1},
pages = {86--102},
publisher = {Multidisciplinary Digital Publishing Institute},
title = {{The Computer is a Medium, Not a Tool: Collaborative Media Challenging Interaction Design}},
volume = {4},
year = {2013}
}
@article{Maguire2001,
author = {Maguire, Martin},
journal = {International Journal of Human-Computer Studies},
title = {{Methods to support human-centred design}},
year = {2001},
volume={55},
number={4},
pages={587--634},
publisher={Elsevier}
}
@article{Maher,
author = {Maher, ML and Fisher, DH},
journal = {2nd International Conference on Design Creativity},
title = {{Using AI to evaluate creative designs}},
}
@inproceedings{Maiden2004b,
author={Maiden, Neil and Manning, Sharon and Robertson, Suzanne and Greenwood, John},
booktitle = {Proceedings of the Conference on Designing Interactive Systems},
pages = {113--122},
title = {{Integrating creativity workshops into structured requirements processes}},
url = {http://dl.acm.org/citation.cfm?id=1013132},
year = {2004},
organization={ACM}
}

@article{Maiden2004b,
author = {Maiden, N and Manning, S},
journal = {Proceedings of the 5th conference on Designing interactive systems: processes, practices, methods, and techniques},
pages = {113--122},
title = {{Integrating creativity workshops into structured requirements processes}},
year = {2004}
}
@article{Maiden2007,
author = {Maiden, Neil and Ncube, Cornelius and Robertson, Suzanne},
journal = {International Conference on Software Engineering},
title = {{Can requirements be creative? experiences with an enhanced air space management system}},
pages={632--641},
year = {2007},
organization={IEEE}
}
@article{Maiden2005,
author = {Maiden, N and Robertson, S},
journal = {Proceedings of the 27th international conference on Software engineering},
title = {{Developing use cases and scenarios in the requirements process}},
year = {2005}
}
@article{Maiden2004,
author = {Maiden, N and Robertson, S and Gizikis, A},
journal = {IEEE Software},
title = {{Provoking Creativity: Imagine What Your Requirements Could be Like}},
year = {2004}
}
@book{Martin2012,
author = {Martin, B and Hanington, BM},
title = {{Universal Methods of Design: 100 Ways to Research Complex Problems, Develop Innovative Ideas, and Design Effective Solutions}},
year = {2012},
publisher={Rockport Publishers}
}
@article{Meyer,
author = {Meyer, Miriah and Sedlmair, Michael and Quinan, P Samuel and Munzner, Tamara},
journal = {Information Visualization},
title = {{The nested blocks and guidelines model}},
publisher={SAGE Publications},
year = {2013}
}
@article{Mosborg2005,
author = {Mosborg, S and Adams, R and Kim, R},
journal = {American Society for Engineering Education (ASEE) conference},
title = {{Conceptions of the engineering design process: an expert study of advanced practicing professionals}},
year = {2005}
}
@article{Munzner2009,
author = {Munzner, Tamara},
doi = {10.1109/TVCG.2009.111},
issn = {1077-2626},
journal = {IEEE Transactions on Visualization and Computer Graphics},
number = {6},
pages = {921--8},
pmid = {19834155},
title = {{A nested model for visualization design and validation}},
volume = {15},
year = {2009},
publisher={IEEE}
}
@article{Neill2003,
author = {Neill, CJ and Laplante, PA},
journal = {Software, IEEE},
title = {{Requirements engineering: the state of the practice}},
year = {2003}
}
@inproceedings{Onarheim2010,
author = {Onarheim, Balder and Wiltschnig, Stefan},
booktitle = {Proceedings of the DESIRE Network Conference on Creativity and Innovation in Design},
month = aug,
pages = {83--89},
publisher = {Desire Network},
title = {{Opening and constraining: constraints and their role in creative processes}},
url = {http://dl.acm.org/citation.cfm?id=1854969.1854984},
year = {2010}
}
@book{Osterwalder2010,
author = {Osterwalder, A and Pigneur, Y and Clark, T and van der Pijl, P},
title = {{Business Model Generation}},
year = {2010}
}
@article{Oviatt2006,
author = {Oviatt, S},
journal = {ACM International Conference on Multimedia},
title = {{Human-Centered Design Meets Cognitive Load Theory: Designing Interfaces that Help People Think}},
year = {2006}
}
@article{Ozkan2013,
author = {Ozkan, Ozgu and Dogan, Fehmi},
doi = {10.1016/j.destud.2012.11.006},
issn = {0142694X},
journal = {Design Studies},
month = mar,
number = {2},
pages = {161--192},
title = {{Cognitive strategies of analogical reasoning in design: Differences between expert and novice designers}},
volume = {34},
year = {2013}
}
@article{Pavelin2012a,
author = {Pavelin, K and Cham, JA and de Matos, P},
journal = {PLoS computational biology},
title = {{Bioinformatics Meets User-Centred Design: A Perspective}},
year = {2012}
}
@article{Rizzo2013,
author = {Rizzo, Francesca and Cant\`{u}, Daria},
doi = {10.3390/challe4020154},
issn = {2078-1547},
journal = {Challenges},
language = {en},
month = jul,
number = {2},
pages = {154--168},
publisher = {Multidisciplinary Digital Publishing Institute},
title = {{Live Piloting and Prototyping}},
volume = {4},
year = {2013}
}
@article{Rosen2012,
author = {Rosen, Marc A. and Kishawy, Hossam A.},
doi = {10.3390/su4020154},
issn = {2071-1050},
journal = {Sustainability},
language = {en},
month = jan,
number = {12},
pages = {154--174},
publisher = {Molecular Diversity Preservation International},
title = {{Sustainable Manufacturing and Design: Concepts, Practices and Needs}},
volume = {4},
year = {2012}
}
@inproceedings{Royce1970,
author = {Royce, Winston W},
title = {{Managing the development of large software systems}},
year = {1970},
booktitle={Proceedings of IEEE WESCON},
volume={26},
number={8},
year={1970},
organization={Los Angeles}
}
@article{Sanders2011,
author = {Sanders, EBN and Westerlund, B},
journal = {Nordes},
title = {{Experiencing, exploring and experimenting in and with co-design spaces}},
year = {2011}
}
@inproceedings{Sanders2010,
address = {New York, New York, USA},
author = {Sanders, Elizabeth B.-N. and Brandt, Eva and Binder, Thomas},
booktitle = {Proceedings of the 11th Biennial Participatory Design Conference on - PDC '10},
doi = {10.1145/1900441.1900476},
isbn = {9781450301312},
month = nov,
pages = {195},
publisher = {ACM Press},
title = {{A framework for organizing the tools and techniques of participatory design}},
year = {2010}
}
@article{Sanders2008,
author = {Sanders, Liz},
doi = {10.1145/1409040.1409043},
issn = {10725520},
journal = {interactions},
month = nov,
number = {6},
pages = {13},
publisher = {ACM},
title = {{ON MODELINGAn evolving map of design practice and design research}},
volume = {15},
year = {2008}
}
@article{Sedlmair2012b,
author = {Sedlmair, Michael and Meyer, Miriah and Munzner, Tamara},
journal = {IEEE Transactions on Visualization and Computer Graphics},
number = {12},
pages = {2431--2440},
title = {{Design study methodology: Reflections from the trenches and the stacks}},
volume = {18},
year = {2012},
publisher={IEEE}
}
@article{Snider2013,
author = {Snider, Chris M. and Culley, Steve J. and Dekoninck, Elies A.},
doi = {10.1016/j.destud.2013.03.001},
issn = {0142694X},
journal = {Design Studies},
month = sep,
number = {5},
pages = {543--574},
title = {{Analysing creative behaviour in the later stage design process}},
volume = {34},
year = {2013}
}
@article{Stojmenova2012,
author = {Stojmenova, Emilija and Imperl, Bojan and \v{Z}ohar, Toma\v{z} and Dinevski, Dejan},
doi = {10.3390/fi4030776},
issn = {1999-5903},
journal = {Future Internet},
language = {en},
month = aug,
number = {4},
pages = {776--787},
publisher = {Molecular Diversity Preservation International},
title = {{Adapted User-Centered Design: A Strategy for the Higher User Acceptance of Innovative e-Health Services}},
volume = {4},
year = {2012}
}
@article{Tory2004,
author = {Tory, Melanie and M\"{o}ller, Torsten},
doi = {10.1109/TVCG.2004.1260759},
issn = {1077-2626},
journal = {IEEE Transactions on Visualization and Computer Graphics},
number = {1},
pages = {72--84},
pmid = {15382699},
title = {{Human factors in visualization research}},
volume = {10},
year = {2004}
}
@book{Tullis2010,
author = {Tullis, T and Albert, W},
title = {{Measuring the user experience: collecting, analyzing, and presenting usability metrics}},
year = {2010}
}
@article{Vredenburg2002,
author = {Vredenburg, K and Mao, JY and Smith, PW and Carey, T},
journal = {Proceedings of the SIGCHI Conference on Human Factors in Computing Systems},
pages = {471--478},
title = {{A survey of user-centered design practice}},
year = {2002}
}
@article{Walker2010,
author = {Walker, Stuart},
doi = {10.3390/su2030812},
isbn = {10.3390/su2030812},
issn = {2071-1050},
journal = {Sustainability},
language = {en},
month = mar,
number = {3},
pages = {812--832},
publisher = {Molecular Diversity Preservation International},
title = {{Temporal Objects—Design, Change and Sustainability}},
volume = {2},
year = {2010}
}
@article{Walz1993,
author = {Walz, Diane B. and Elam, Joyce J. and Curtis, Bill},
doi = {10.1145/163430.163447},
issn = {00010782},
journal = {Communications of the ACM},
month = oct,
number = {10},
pages = {63--77},
publisher = {ACM},
title = {{Inside a software design team: knowledge acquisition, sharing, and integration}},
volume = {36},
year = {1993}
}
@book{Ware2010,
author = {Ware, Colin},
isbn = {0080558410},
pages = {256},
publisher = {Morgan Kaufmann},
title = {{Visual Thinking: for Design}},
year = {2010}
}
@incollection{Wassink2009,
author = {Wassink, I and Kulyk, O and van Dijk, B},
booktitle = {Trends in Interactive Visualization},
title = {{Applying a user-centered approach to interactive visualisation design}},
year = {2009},
pages={175--199},
publisher={Springer}
}
@article{Wodehouse2010a,
author = {Wodehouse, Andrew and Ing, Meng and Ion, William},
journal = {Parsons Journal for Information Mapping},
title = {{The integration of information \& ideas: Creating linkages through a novel concept design method}},
year = {2010}
}
@book{DaGandra2012,
author = {da Gandra, Maria and van Neck, Maaike},
title = {{InformForm, Information Design: in theory, an informed practice}},
year = {2012}
}
@book{Bernard2011,
author = {Bernard, Harvey Russell},
isbn = {075911241X},
pages = {666},
publisher = {Rowman Altamira},
title = {{Research Methods in Anthropology: Qualitative and Quantitative Approaches}},
url = {http://books.google.com/books?hl=en\&lr=\&id=Ngg-MNMH1YoC\&pgis=1},
year = {2011}
}
@book{Beyer1997,
author = {Beyer, Hugh and Holtzblatt, Karen},
isbn = {0080503047},
pages = {496},
publisher = {Elsevier},
title = {{Contextual Design: Defining Customer-Centered Systems}},
url = {http://books.google.com/books?hl=en\&lr=\&id=JxQaQgOONGIC\&pgis=1},
year = {1997}
}
@book{Brown2009,
author = {Brown, Tim},
isbn = {0061766089},
publisher = {Harper Business},
title = {{Change by Design: How Design Thinking Transforms Organizations and Inspires Innovation}},
year = {2009}
}
@book{Fetterman2010,
author = {Fetterman, David M.},
isbn = {1412950457},
pages = {173},
publisher = {SAGE},
title = {{Ethnography: Step-by-Step}},
url = {http://books.google.com/books?hl=en\&lr=\&id=1WeNnyv4RYEC\&pgis=1},
year = {2010}
}
@book{Lazar2010,
author = {Lazar, Dr. Jonathan and Feng, Dr. Jinjuan Heidi and Hochheiser, Dr. Harry},
isbn = {0470723378},
pages = {446},
publisher = {John Wiley \& Sons},
title = {{Research Methods in Human-Computer Interaction}},
url = {http://books.google.com/books?hl=en\&lr=\&id=H\_r6prUFpc4C\&pgis=1},
year = {2010}
}
@book{Strauss1990,
author = {Strauss, A and Corbin, J},
title = {{Basics of Qualitative Research: Grounded Theory Procedures and Techniques}},
year = {1990}
}
@book{Shneiderman2004,
author = {Shneiderman, Ben and Plaisant, Catherine},
title = {{Designing the User Interface : Strategies for Effective Human-Computer Interaction}},
year = {2004}
}
@incollection{Sears2009,
author = {Watzman, Suzanne and Re, Margaret},
booktitle = {Human-Computer Interaction: Design Issues, Solutions, and Applications},
editor = {Sears, Andrew and Jacko, Julie A.},
isbn = {1420088866},
pages = {1--25},
publisher = {CRC Press},
title = {{Visual Design Principles for Usable Interfaces}},
url = {http://books.google.com/books?hl=en\&lr=\&id=tRVRK8UhuacC\&pgis=1},
year = {2009}
}

@book{Cairns2008,
author = {Cairns, Paul and Cox, Anna},
title = {{Research Methods for Human-Computer Interaction}},
publisher = {Cambridge University Press},
year = {2008}
}
@article{Newman2008,
author = {Newman, William and Lamming, Michael},
isbn = {032131378X},
month = nov,
publisher = {Addison-Wesley Publishing Company},
title = {{Interactive System Design}},
url = {http://dl.acm.org/citation.cfm?id=1521543},
year = {2008}
}
@book{Rosson2002,
author = {Rosson, Mary Beth and Carroll, John Millar},
isbn = {1558607129},
pages = {422},
publisher = {Morgan Kaufmann},
title = {{Usability Engineering: Scenario-based Development of Human-computer Interaction}},
url = {http://books.google.com/books?hl=en\&lr=\&id=sRPg0IYhYFYC\&pgis=1},
year = {2002}
}
@incollection{Rudisill1995,
author = {Olson, Judith S. and Moran, Thomas P.},
booktitle = {Human-Computer Interface Design: Success Stories, Emerging Methods, and Real-World Context},
editor = {Rudisill, Marianne and Lewis, Clayton and Polson, Peter G. and McKay, Timothy D.},
isbn = {1-55860-310-7},
month = jun,
pages = {269--300},
publisher = {Morgan Kaufmann Publishers Inc.},
title = {{Mapping the method muddle: Guidance in using methods for user interface design}},
url = {http://dl.acm.org/citation.cfm?id=216477},
year = {1996}
}
@inproceedings{Shneiderman2006,
author = {Shneiderman, Ben and Plaisant, Catherine},
doi = {10.1145/1168149.1168158},
isbn = {1595935622},
booktitle = {Proceedings of the AVI workshop on Beyond Time and Errors Novel Evaluation Methods for Information Visualization (BELIV)},
pages = {1--7},
publisher = {ACM},
title = {{Strategies for evaluating information visualization tools: multi-dimensional in-depth long-term case studies}},
url = {http://portal.acm.org/citation.cfm?doid=1168149.1168158},
year = {2006}
}
@book{Davis1996,
author = {Davis, Meredith and Hawley, Peter and McMullan, Bernard and Spilka, Gertrude},
isbn = {ISBN-0-87120-284-0},
month = nov,
publisher = {Association for Supervision and Curriculum Development},
title = {{Design as a Catalyst for Learning}},
url = {http://eric.ed.gov/?id=ED418914},
year = {1996}
}
@article{Teal2010,
author = {Teal, Randall},
doi = {10.1111/j.1476-8070.2010.01663.x},
issn = {14768062},
journal = {International Journal of Art \& Design Education},
month = oct,
number = {3},
pages = {294--302},
title = {{Developing a (non-linear) practice of design thinking}},
url = {http://doi.wiley.com/10.1111/j.1476-8070.2010.01663.x},
volume = {29},
year = {2010}
}
@article{Vredenburg2003,
author = {Vredenburg, K.},
doi = {10.1147/sj.424.0517},
issn = {0018-8670},
journal = {IBM Systems Journal},
keywords = {Design},
number = {4},
pages = {517--531},
shorttitle = {IBM Systems Journal},
title = {{Building ease of use into the IBM user experience}},
url = {http://ieeexplore.ieee.org/lpdocs/epic03/wrapper.htm?arnumber=5386826},
volume = {42},
year = {2003}
}
@article{Christiaans2010,
author = {Christiaans, Henri and Almendra, Rita Assoreira},
doi = {10.1016/j.destud.2010.09.005},
issn = {0142694X},
journal = {Design Studies},
keywords = {Design},
month = nov,
number = {6},
pages = {641--662},
title = {{Accessing decision-making in software design}},
url = {http://www.sciencedirect.com/science/article/pii/S0142694X10000670},
volume = {31},
year = {2010}
}
@article{Wu2011,
author = {Wu, Jun-Chieh and Chen, Cheng-Chi and Chen, Hsin-Chia},
issn = {ISSN-1360-1431},
journal = {Design \& Technology Education},
month = nov,
number = {3},
pages = {37--48},
publisher = {Design and Technology Education Association},
title = {{Comparison of designer's design thinking modes in digital and traditional sketches}},
url = {http://eric.ed.gov/?id=EJ996070},
volume = {17},
year = {2012}
}
@article{Parkinson2012,
author = {Parkinson, D and Bohemia, E and Yee, J and Smith, N},
journal = {Design Research Society},
keywords = {Design},
title = {{Design Process and Organisational Strategy: A Storytelling Perspective}},
url = {http://nrl.northumbria.ac.uk/12112/1/Design\_Process\_and\_Organisational\_Strategy\_A\_Stroytelling\_Perspective.pdf},
year = {2012}
}
@article{Baker2010,
author = {Baker, Alex and van der Hoek, Andr\'{e}},
doi = {10.1016/j.destud.2010.09.008},
issn = {0142694X},
journal = {Design Studies},
keywords = {Design},
month = nov,
number = {6},
pages = {590--613},
title = {{Ideas, subjects, and cycles as lenses for understanding the software design process}},
url = {http://www.sciencedirect.com/science/article/pii/S0142694X10000700},
volume = {31},
year = {2010}
}
@article{Savage1998,
author = {Savage, Justin C.D and Moore, Carolynne J and Miles, John C and Miles, Christopher},
doi = {10.1016/S0142-694X(98)00004-0},
issn = {0142694X},
journal = {Design Studies},
keywords = {Design},
month = apr,
number = {2},
pages = {217--233},
title = {{The interaction of time and cost constraints on the design process}},
url = {http://www.sciencedirect.com/science/article/pii/S0142694X98000040},
volume = {19},
year = {1998}
}
@article{Goncalves2014,
author = {Gon\c{c}alves, Milene and Cardoso, Carlos and Badke-Schaub, Petra},
doi = {10.1016/j.destud.2013.09.001},
issn = {0142694X},
journal = {Design Studies},
keywords = {Design},
month = jan,
number = {1},
pages = {29--53},
title = {{What inspires designers? Preferences on inspirational approaches during idea generation}},
url = {http://www.sciencedirect.com/science/article/pii/S0142694X13000744},
volume = {35},
year = {2014}
}
@article{Tang2010,
author = {Tang, Antony and Aleti, Aldeida and Burge, Janet and van Vliet, Hans},
doi = {10.1016/j.destud.2010.09.004},
issn = {0142694X},
journal = {Design Studies},
keywords = {Design},
month = nov,
number = {6},
pages = {614--640},
title = {{What makes software design effective?}},
url = {http://www.sciencedirect.com/science/article/pii/S0142694X10000669},
volume = {31},
year = {2010}
}
@inproceedings{Vines2013,
address = {New York, New York, USA},
author = {Vines, John and Clarke, Rachel and Wright, Peter and McCarthy, John and Olivier, Patrick},
booktitle = {Proceedings of the SIGCHI Conference on Human Factors in Computing Systems - CHI '13},
doi = {10.1145/2470654.2470716},
isbn = {9781450318990},
keywords = {Design,HCI},
month = apr,
pages = {429},
publisher = {ACM Press},
title = {{Configuring participation}},
url = {http://dl.acm.org/citation.cfm?id=2470654.2470716},
year = {2013}
}
@inproceedings{Wolf2006,
author = {Wolf, Tracee Vetting and Rode, Jennifer A. and Sussman, Jeremy and Kellogg, Wendy A.},
booktitle = {Proceedings of the SIGCHI Conference on Human Factors in Computing Systems},
doi = {10.1145/1124772.1124853},
isbn = {1595933727},
month = apr,
pages = {521},
publisher = {ACM},
title = {{Dispelling "design" as the black art of CHI}},
url = {http://dl.acm.org/citation.cfm?id=1124772.1124853},
year = {2006}
}
@inproceedings{Cao2010,
author = {Cao, Jill and Riche, Yann and Wiedenbeck, Susan and Burnett, Margaret and Grigoreanu, Valentina},
booktitle = {Proceedings of the SIGCHI Conference on Human Factors in Computing Systems},
doi = {10.1145/1753326.1753477},
isbn = {9781605589299},
keywords = {Design,HCI},
month = apr,
pages = {1009},
publisher = {ACM},
title = {{End-user mashup programming: through the design lens}},
url = {http://dl.acm.org/citation.cfm?id=1753326.1753477},
year = {2010}
}
@inproceedings{McLachlan2008,
author = {McLachlan, Peter and Munzner, Tamara and Koutsofios, Eleftherios and North, Stephen},
booktitle = {Proceedings of the SIGCHI Conference on Human Factors in Computing Systems},
doi = {10.1145/1357054.1357286},
isbn = {9781605580111},
month = apr,
pages = {1483},
publisher = {ACM},
title = {{LiveRAC: Interactive Visual Exploration of System Management Time-Series Data}},
url = {http://dl.acm.org/citation.cfm?id=1357054.1357286},
year = {2008}
}
@inproceedings{Dow2011,
author = {Dow, Steven and Fortuna, Julie and Schwartz, Dan and Altringer, Beth and Schwartz, Daniel and Klemmer, Scott},
booktitle = {Proceedings of the 2011 annual conference on Human factors in computing systems - CHI '11},
doi = {10.1145/1978942.1979359},
isbn = {9781450302289},
keywords = {Design,HCI},
month = may,
pages = {2807},
publisher = {ACM Press},
title = {{Prototyping dynamics: sharing multiple designs improves exploration, group rapport, and results: on how we involve people in design}},
url = {http://dl.acm.org/citation.cfm?id=1978942.1979359},
year = {2011}
}
@inproceedings{Bohøj2010,
author = {Boh{\o}j, Morten and Borchorst, Nikolaj Gandrup and Bouvin, Niels Olof and B{\o}dker, Susanne and Zander, P\"{a}r-Ola},
booktitle = {Proceedings of the SIGCHI Conference on Human Factors in Computing Systems},
doi = {10.1145/1753326.1753404},
isbn = {9781605589299},
keywords = {Design,HCI},
month = apr,
pages = {523},
publisher = {ACM},
title = {{Timeline collaboration}},
url = {http://dl.acm.org/citation.cfm?id=1753326.1753404},
year = {2010}
}
@inproceedings{Gaver2012,
author = {Gaver, William},
booktitle = {Proceedings of the SIGCHI Conference on Human Factors in Computing Systems},
doi = {10.1145/2207676.2208538},
isbn = {9781450310154},
keywords = {Design,HCI},
month = may,
pages = {937},
publisher = {ACM},
title = {{What should we expect from research through design?}},
url = {http://dl.acm.org/citation.cfm?id=2207676.2208538},
year = {2012}
}
@article{Bjorgvinsson2012,
author = {Bj\"{o}rgvinsson, Erling and Ehn, Pelle and Hillgren, Per-Anders},
doi = {10.1080/15710882.2012.672577},
issn = {1571-0882},
journal = {CoDesign},
month = jun,
number = {2-3},
pages = {127--144},
publisher = {Taylor \& Francis},
title = {{Agonistic participatory design: working with marginalised social movements}},
url = {http://dx.doi.org/10.1080/15710882.2012.672577},
volume = {8},
year = {2012}
}
@inproceedings{Lowgren1995,
author = {L\"{o}wgren, Jonas},
booktitle = {Proceedings of the Conference on Designing Interactive Systems},
doi = {10.1145/225434.225444},
isbn = {0897916735},
month = aug,
pages = {87--95},
publisher = {ACM},
title = {{Applying design methodology to software development}},
year = {1995}
}
@book{Nelson2003,
author = {Nelson, Harold G. and Stolterman, Erik},
isbn = {0877783055},
pages = {327},
publisher = {Educational Technology},
title = {{The Design Way: Intentional Change in an Unpredictable World : Foundations and Fundamentals of Design Competence}},
url = {http://books.google.com/books?hl=en\&lr=\&id=ymDUJVwICmEC\&pgis=1},
year = {2003}
}
@book{Schon1983,
author = {Sch\"{o}n, Donald A.},
isbn = {0465068782},
pages = {374},
publisher = {Basic Books},
title = {{The Reflective Practitioner: How Professionals Think in Action}},
url = {http://books.google.com/books?hl=en\&lr=\&id=ceJIWay4-jgC\&pgis=1},
year = {1983}
}
@article{DAmico2008,
author = {D{'}Amico, A and Whitley, K},
doi = {10.1007/978-3-540-78243-8},
editor = {Goodall, John R. and Conti, Gregory and Ma, Kwan-Liu},
isbn = {978-3-540-78242-1},
journal = {Visualization for Cyber Security},
pages = {19--37},
publisher = {Springer},
title = {{The real work of computer network defense analysts}},
url = {http://www.springerlink.com/index/10.1007/978-3-540-78243-8},
year = {2008}
}
@inproceedings{Fink2009,
author = {Fink, Glenn A. and North, Christopher L. and Endert, Alexander and Rose, Stuart J.},
booktitle = {Visualization for Cyber Security},
month = oct,
publisher = {IEEE},
title = {{Visualizing cyber security: Usable workspaces}},
url = {http://www.osti.gov/energycitations/product.biblio.jsp?osti\_id=984679},
year = {2009}
}
@article{Erbacher2010a,
author = {Erbacher, Robert F and Frincke, Deborah A and {Chung Wong}, Pak and Moody, Sarah and Fink, Glenn},
doi = {10.1057/ivs.2010.5},
issn = {1473-8716},
journal = {Information Visualization},
language = {en},
month = jan,
number = {3},
pages = {204--219},
publisher = {SAGE Publications},
title = {{A multi-phase network situational awareness cognitive task analysis}},
url = {http://ivi.sagepub.com/content/9/3/204.abstract},
volume = {9},
year = {2010}
}
@book{Tashakkori2003,
author = {Tashakkori, Abbas and Teddlie, Charles},
isbn = {0761920730},
pages = {768},
publisher = {SAGE},
title = {{Handbook of Mixed Methods in Social \& Behavioral Research}},
url = {http://books.google.com/books?hl=en\&lr=\&id=F8BFOM8DCKoC\&pgis=1},
year = {2003}
}
@misc{Review2014,
author = {Harvard Business Review},
title = {{Vision Statement: A Taxonomy of Innovation}},
howpublished = {\url{http://hbr.org/2014/01/a-taxonomy-of-innovation/ar/1}},
note={Accessed: 2014-02-20},
url = {http://hbr.org/2014/01/a-taxonomy-of-innovation/ar/1},
urldate = {20/02/14},
year = {2014}
}
@book{Crandall2006,
author = {Crandall, Beth and Klein, Gary A. and Hoffman, Robert R.},
isbn = {0262532816},
pages = {332},
publisher = {MIT Press},
title = {{Working Minds: A Practitioner's Guide to Cognitive Task Analysis}},
url = {http://books.google.com/books?id=ZfcVGsJlyhMC\&pgis=1},
year = {2006}
}
@book{Abran2001,
author = {Abran, Alain and Bourque, Pierre and Dupuis, Robert and Moore, James W.},
isbn = {0769510000},
month = dec,
publisher = {IEEE Press},
title = {{Guide to the Software Engineering Body of Knowledge - SWEBOK}},
year = {2001}
}
@inproceedings{Plaisant2004,
author = {Plaisant, Catherine},
booktitle = {Proceedings of the Conference on Advanced Visual Interfaces},
doi = {10.1145/989863.989880},
isbn = {1581138679},
month = may,
pages = {109--116},
publisher = {ACM},
title = {{The challenge of information visualization evaluation}},
url = {http://dl.acm.org/citation.cfm?id=989863.989880},
year = {2004}
}
@book{Goodman2012,
author = {Goodman, Elizabeth and Kuniavsky, Mike and Moed, Andrea},
isbn = {0123848695},
publisher = {Morgan Kaufmann; 2nd edition},
title = {{Observing the User Experience: A Practitioner's Guide to User Research}},
url = {http://www.amazon.com/Observing-User-Experience-Second-Edition/dp/0123848695},
year = {2012}
}
@article{Zhang2013a,
author = {Zhang, Zhiyuan and Wang, Bing and Ahmed, Faisal and Ramakrishnan, IV and Zhao, Rong and Viccellio, Asa and Mueller, Klaus},
doi = {06F9F441-089A-4C57-8464-9A56CF697EF5},
issn = {1941-0506},
journal = {IEEE Transactions on Visualization and Computer Graphics},
month = jun,
pmid = {23751321},
title = {{The five W's for information visualization with application to healthcare informatics}},
url = {http://europepmc.org/abstract/MED/23751321},
year = {2013}
}
@article{Schulz2013a,
author = {Schulz, Hans-Jorg and Nocke, Thomas and Heitzler, Magnus and Schumann, Heidrun},
journal = {IEEE Transactions on Visualization and Computer Graphics},
title = {{A design space of visualization tasks}},
url = {http://www.informatik.uni-rostock.de/~hs162/pdf/taskds.pdf},
year = {2013},
volume={19},
number={12},
pages={2366--2375},
publisher={IEEE}
}
@article{Hevner2008,
title={Design science in information systems research},
author={von Alan, R Hevner and March, Salvatore T and Park, Jinsoo and Ram, Sudha},
journal={Management Information Systems Quarterly},
volume={28},
number={1},
pages={75--105},
year={2004},
publisher={Springer}
}
@article{Gregor2013,
author = {Gregor, Shirley and Hevner, Alan R.},
issn = {0276-7783},
journal = {Management Information Systems Quarterly},
number = {2},
pages = {337--A6. 25p. 2 Diagrams},
title = {{Positioning and Presenting Design Science Research for Maximum Impact}},
volume = {37},
year = {2013}
}
@article{Regli2000,
author = {Regli, W.C. and Hu, X. and Atwood, M. and Sun, W.},
doi = {10.1007/PL00013715},
issn = {0177-0667},
journal = {Engineering With Computers},
number = {3-4},
pages = {209--235},
title = {{A Survey of Design Rationale Systems: Approaches, Representation, Capture and Retrieval}},
url = {http://link.springer.com/10.1007/PL00013715},
volume = {16},
year = {2000}
}
@article{Brehmer2013a,
author = {Brehmer, Matthew and Munzner, Tamara},
journal = {IEEE Transactions on Visualization and Computer Graphics},
number = {December},
title = {{A Multi-Level Typology of Abstract Visualization Tasks}},
url = {http://www.cs.ubc.ca/labs/imager/tr/2013/MultiLevelTaskTypology/},
year = {2013}
}
@article{Moere2011,
author = {Vande Moere, A. and Purchase, H.},
doi = {10.1177/1473871611415996},
issn = {1473-8716},
journal = {Information Visualization},
month = sep,
number = {4},
pages = {356--371},
title = {{On the role of design in information visualization}},
url = {http://ivi.sagepub.com/content/10/4/356.short},
volume = {10},
year = {2011}
}





% eurovis bubble-net paper

@inproceedings{Afram2007a,
author = {Afram, A J and Briedis, J and Fujiwara, D and Jacob, R J K and Cao, C G L and Kahle, D},
booktitle = {Proceedings of the Human Factors and Ergonomics Society},
issn = {10711813},
pages = {459--463},
title = {{Evaluation of semantic fisheye zooming to provide focus+context}},
volume = {1},
year = {2007}
}
@book{Aigner2011,
author = {Aigner, Wolfgang and Miksch, Silvia and Schumann, Heidrun and Tominski, Christian},
title = {{Visualization of Time-Oriented Data}},
url = {http://www.springer.com/computer/hci/book/978-0-85729-078-6},
year = {2011}
}
@inproceedings{Aseniero2015,
address = {New York, NY},
author = {Aseniero, Bon Adriel and Wun, Tiffany and Ledo, David and Ruhe, Guenther and Tang, Anthony and Carpendale, Sheelagh},
booktitle = {Proceedings of the 33rd Annual ACM Conference on Human Factors in Computing Systems - CHI '15},
doi = {10.1145/2702123.2702426},
isbn = {9781450331456},
month = apr,
pages = {1479--1488},
publisher = {ACM Press},
title = {{STRATOS: Using visualization to support decisions in strategic software release planning}},
url = {http://dl.acm.org/citation.cfm?id=2702123.2702426},
year = {2015}
}
@article{Auber2011,
author = {Auber, D and Huet, C and Lambert, A and Sallaberry, A},
journal = {Not yet published},
title = {{Geographical treemaps}},
url = {http://www.labri.fr/perso/auber/download/paper\_TVCG/docPourTVCG/InfoVisVersion.pdf},
year = {2011}
}
@inproceedings{Axelsson2004,
address = {New York, NY},
author = {Axelsson, Stefan},
booktitle = {Proceedings of the 2004 ACM workshop on Visualization and data mining for computer security - VizSEC/DMSEC '04},
doi = {10.1145/1029208.1029224},
isbn = {1581139748},
month = oct,
pages = {99},
publisher = {ACM Press},
title = {{Combining a bayesian classifier with visualisation: understanding the IDS}},
url = {http://dl.acm.org/citation.cfm?id=1029208.1029224},
year = {2004}
}
@inproceedings{Ball2004,
address = {New York, NY},
author = {Ball, Robert and Fink, Glenn A. and North, Chris},
booktitle = {Proceedings of the 2004 ACM workshop on Visualization and data mining for computer security - VizSEC/DMSEC '04},
doi = {10.1145/1029208.1029217},
isbn = {1581139748},
month = oct,
pages = {55},
publisher = {ACM Press},
title = {{Home-centric visualization of network traffic for security administration}},
url = {http://dl.acm.org/citation.cfm?id=1029208.1029217},
year = {2004}
}
@article{Bargo2014,
author = {Bargo, Rita and Dearden, Joel and Jones, Mark W.},
doi = {10.1109/TVCG.2014.2346428},
issn = {1077-2626},
journal = {IEEE Trans. on Visualiz. and Comp. Graphics},
month = dec,
number = {12},
pages = {2261--2270},
shorttitle = {Visualization and Computer Graphics, IEEE Transact},
title = {{Order of magnitude markers: An empirical study on large magnitude number detection}},
url = {http://ieeexplore.ieee.org/lpdocs/epic03/wrapper.htm?arnumber=6875940},
volume = {20},
year = {2014}
}
@article{Bertini2015,
author = {Simon, Svenja and Mittelst{\"{a}}dt, Sebastian and Keim, Daniel A. and Sedlmair, Michael},
journal = {Eurographics Conference on Visualiz.},
title = {{Bridging the gap of domain and visualization experts with a Liaison}},
year = {2015}
}
@inproceedings{Best2010,
address = {New York, NY},
author = {Best, Daniel M. and Bohn, Shawn and Love, Douglas and Wynne, Adam and Pike, William A.},
booktitle = {Proceedings of the Symposium on Visualization for Cyber Security},
doi = {10.1145/1850795.1850805},
isbn = {9781450300131},
month = sep,
pages = {79--90},
publisher = {ACM Press},
title = {{Real-time visualization of network behaviors for situational awareness}},
url = {http://dl.acm.org/citation.cfm?id=1850795.1850805},
year = {2010}
}
@inproceedings{Best2014,
address = {New York, NY},
author = {Best, Daniel M. and Endert, Alex and Kidwell, Daniel},
booktitle = {Proceedings of the Symp. on Visualiz. for Cyber Sec.},
doi = {10.1145/2671491.2671497},
isbn = {9781450328265},
month = nov,
pages = {33--40},
publisher = {ACM Press},
title = {7 key challenges for visualization in cyber network defense},
url = {http://dl.acm.org/citation.cfm?id=2671491.2671497},
year = {2014}
}
@inproceedings{Blue2008,
address = {Berlin, Heidelberg},
author = {Blue, Ryan and Dunne, Cody and Fuchs, Adam and King, Kyle and Schulman, Aaron},
booktitle = {VizSec},
doi = {10.1007/978-3-540-85933-8},
editor = {Goodall, John R. and Conti, Gregory and Ma, Kwan-Liu},
isbn = {978-3-540-85931-4},
issn = {0302-9743},
month = sep,
pages = {119--135},
publisher = {Springer Berlin Heidelberg},
series = {Lecture Notes in Computer Science},
title = {{Visualizing real-time network resource usage}},
url = {http://dl.acm.org/citation.cfm?id=1431913.1431925},
volume = {5210},
year = {2008}
}
@article{Boschetti2011a,
author = {Boschetti, A and Muelder, C and Salgarelli, L and Ma, KL},
journal = {Proceedings of the 8th International Symposium on Visualization for Cyber Security},
pages = {1},
title = {{TVi: A Visual Querying System for Network Monitoring and Anomaly Detection}},
url = {http://www.vizsec2011.org/program/1-Boschetti.pdf},
year = {2011}
}
@article{Brehmer2013a,
author = {Brehmer, Matthew and Munzner, Tamara},
journal = {IEEE Transactions on Visualization and Computer Graphics},
number = {December},
title = {{A multi-level typology of abstract visualization tasks}},
url = {http://www.cs.ubc.ca/labs/imager/tr/2013/MultiLevelTaskTypology/},
year = {2013}
}
@book{Bruls2000,
author = {Bruls, M and Huizing, K and van Wijk, JJ},
publisher = {Springer Vienna},
title = {{Squarified Treemaps}},
url = {http://inf.abdn.ac.uk/~ssripada/teaching/CS4031/information/stm.pdf},
year = {2000}
}
@inproceedings{Buchin2011,
address = {Berlin, Heidelberg},
author = {Buchin, Kevin and Eppstein, David and L\"{o}ffler, Maarten and N\"{o}llenburg, Martin and Silveira, Rodrigo I.},
booktitle = {12th International Symposium, WADS},
doi = {10.1007/978-3-642-22300-6},
editor = {Dehne, Frank and Iacono, John and Sack, J\"{o}rg-R\"{u}diger},
isbn = {978-3-642-22299-3},
publisher = {Springer Berlin Heidelberg},
series = {Lecture Notes in Computer Science},
title = {{Adjacency-Preserving Spatial Treemaps}},
url = {http://www.springerlink.com/index/10.1007/978-3-642-22300-6},
volume = {6844},
year = {2011}
}
@phdthesis{Carroll2008,
author = {Carroll, SC},
title = {{Mission Impact Analysis Visualization for Enhanced Situational Awareness}},
url = {http://oai.dtic.mil/oai/oai?verb=getRecord\&metadataPrefix=html\&identifier=ADA482878},
year = {2008}
}
@article{Champion2012,
author = {Champion, Michael A. and Rajivan, Prashanth and Cooke, Nancy J. and Jariwala, Shree},
journal = {IEEE International Multi-Disciplinary Conference on Cognitive Methods in Situation Awareness and Decision Support},
pages = {218--221},
title = {{Team-based cyber defense analysis}},
url = {http://ieeexplore.ieee.org/xpls/abs\_all.jsp?arnumber=6188386},
year = {2012}
}
@inproceedings{Chang2008,
address = {New York, NY},
author = {Chang, Yen-Ning and Lim, Youn-kyung and Stolterman, Erik},
booktitle = {Proceedings of the Nordic Conference on Human-Computer Interaction},
doi = {10.1145/1463160.1463214},
isbn = {9781595937049},
month = oct,
pages = {439},
publisher = {ACM Press},
title = {{Personas: From theory to practices}},
url = {http://dl.acm.org/citation.cfm?id=1463160.1463214},
year = {2008}
}
@article{Chen2009,
author = {Chen, Min and Ebert, David and Hagen, Hans and Laramee, Robert S. and van Liere, Robert and Ma, K-L and Ribarsky, WIlliam and Scheuermann, Gerik and Silver, Deborah},
journal = {IEEE Computer Graphics and Applications},
number = {1},
pages = {12--19},
title = {{Data, Information, and Knowledge in Visualization}},
url = {http://ieeexplore.ieee.org/xpl/login.jsp?tp=\&arnumber=4736452\&url=http://ieeexplore.ieee.org/xpls/abs\_all.jsp?arnumber=4736452},
volume = {29},
year = {2009}
}
@article{Choi2009,
author = {Choi, Hyunsang and Lee, Heejo and Kim, Hyogon},
doi = {10.1016/j.cose.2008.12.003},
issn = {01674048},
journal = {Computers \& Security},
month = jul,
number = {5},
pages = {276--288},
title = {{Fast detection and visualization of network attacks on parallel coordinates}},
url = {http://www.sciencedirect.com/science/article/pii/S0167404808001363},
volume = {28},
year = {2009}
}
@inproceedings{Chu2010,
address = {New York, NY},
author = {Chu, Matthew and Ingols, Kyle and Lippmann, Richard and Webster, Seth and Boyer, Stephen},
booktitle = {Proceedings of the Seventh International Symposium on Visualization for Cyber Security - VizSec '10},
doi = {10.1145/1850795.1850798},
isbn = {9781450300131},
month = sep,
pages = {22--33},
publisher = {ACM Press},
title = {{Visualizing attack graphs, reachability, and trust relationships with NAVIGATOR}},
url = {http://dl.acm.org/citation.cfm?id=1850795.1850798},
year = {2010}
}
@article{Cockburn2008,
author = {Cockburn, Andy and Karlson, A M Y and Bederson, Benjamin B},
journal = {ACM Computing Surveys (CSUR)},
number = {1},
pages = {2},
title = {{A Review of Overview + Detail , Zooming , and Focus + Context Interfaces}},
volume = {41},
year = {2008}
}
@inproceedings{Contestabile2012,
author = {Contestabile, John M. and Morentz, James W.},
booktitle = {IEEE Conference on Technologies for Homeland Security (HST)},
doi = {10.1109/THS.2012.6459855},
isbn = {978-1-4673-2709-1},
month = nov,
pages = {238--243},
publisher = {IEEE},
shorttitle = {Homeland Security (HST), 2012 IEEE Conference on T},
title = {{Achieving Common Operational Data (COD): A conceptual informational framework using the Unified Incident Command and Decision Support™ (UICDS™) approach}},
url = {http://ieeexplore.ieee.org/lpdocs/epic03/wrapper.htm?arnumber=6459855},
year = {2012}
}
@inproceedings{Conti2013,
author = {Conti, G. and Nelson, J. and Raymond, D.},
booktitle = {International Conference on Cyber Conflict (CyCon)},
issn = {2325-5366},
pages = {1--17},
shorttitle = {Cyber Conflict (CyCon), 2013 5th International Con},
title = {{Towards a cyber common operating picture}},
year = {2013}
}
@article{DAmico2008,
address = {Berlin, Heidelberg},
author = {D'Amico, A and Whitley, K},
doi = {10.1007/978-3-540-78243-8},
editor = {Goodall, John R. and Conti, Gregory and Ma, Kwan-Liu},
isbn = {978-3-540-78242-1},
journal = {Proceedings of the Workshop on Visualiz. for Cyber Sec.},
pages = {19--37},
publisher = {Springer Berlin Heidelberg},
series = {Mathematics and Visualization},
title = {{The real work of computer network defense analysts}},
url = {http://www.springerlink.com/index/10.1007/978-3-540-78243-8},
year = {2008}
}
@inproceedings{D'Amico2005a,
author = {D'Amico, A. and Kocka, M.},
booktitle = {IEEE Workshops on Visualization for Computer Security (VizSec'05)},
doi = {10.1109/VIZSEC.2005.13},
isbn = {0-7803-9477-1},
month = oct,
pages = {13--13},
publisher = {IEEE},
title = {{Information Assurance Visualizations for Specific Stages of Situational Awareness and Intended Uses: Lessons Learned}},
url = {http://dl.acm.org/citation.cfm?id=1106610.1106726},
year = {2005}
}
@article{D'Amico2005,
author = {D'Amico, A. and Whitley, K. and Tesone, D. and O'Brien, B. and Roth, E.},
doi = {10.1177/154193120504900304},
issn = {1071-1813},
journal = {Proceedings of the Human Factors and Ergonomics Society Annual Meeting},
language = {en},
month = sep,
number = {3},
pages = {229--233},
publisher = {SAGE Publications},
title = {{Achieving cyber defense situational awareness: A cognitive task analysis of information assurance analysts}},
url = {http://pro.sagepub.com/content/49/3/229.abstract},
volume = {49},
year = {2005}
}
@article{DenisLalanne2008,
author = {{Denis Lalanne}, Enrico Bertini},
journal = {VizSEC},
pages = {115--130},
title = {{Visual Analysis of Corporate Network Intelligence: Abstracting and Reasoning on Yesterdays for Acting Today}},
url = {http://citeseerx.ist.psu.edu/viewdoc/summary?doi=10.1.1.139.6757},
year = {2008}
}
@book{Dodge2011,
address = {Chichester, UK},
author = {Dorling, Daniel},
doi = {10.1002/9780470979587},
editor = {Dodge, Martin and Kitchin, Rob and Perkins, Chris},
isbn = {9780470979587},
month = apr,
publisher = {John Wiley \& Sons, Ltd},
title = {{Area Cartograms: Their Use and Creation}},
url = {http://doi.wiley.com/10.1002/9780470979587},
year = {2011}
}
@inproceedings{Dressler2014,
author = {Dressler, J and III, CL Bowen and Moody, W and Koepke, J},
booktitle = {The Conference on Cyber Conflict},
title = {{Operational data classes for establishing situational awareness in cyberspace}},
url = {http://people.cs.clemson.edu/~wcm/pdf/Odcesac-Final.pdf},
year = {2014}
}
@article{Duarte2014,
author = {Duarte, Felipe S. L. G. and Sikansi, Fabio and Fatore, Francisco M. and Fadel, Samuel G. and Paulovich, Fernando V.},
doi = {10.1109/TVCG.2014.2346276},
issn = {1077-2626},
journal = {IEEE Transactions on Visualization and Computer Graphics},
month = dec,
number = {12},
pages = {2063--2071},
shorttitle = {Visualization and Computer Graphics, IEEE Transact},
title = {{Nmap: A Novel Neighborhood Preservation Space-filling Algorithm}},
url = {http://ieeexplore.ieee.org/lpdocs/epic03/wrapper.htm?arnumber=6876012},
volume = {20},
year = {2014}
}
@article{Elmqvist,
author = {Elmqvist, Niklas and Fekete, Jean-Daniel},
doi = {10.1109/TVCG.2009.84},
issn = {1077-2626},
journal = {IEEE transactions on visualization and computer graphics},
language = {English},
month = jan,
number = {3},
pages = {439--54},
pmid = {20224139},
publisher = {IEEE},
title = {{Hierarchical aggregation for information visualization: overview, techniques, and design guidelines}},
url = {http://ieeexplore.ieee.org/articleDetails.jsp?arnumber=5184827},
volume = {16},
year = {2010}
}
@book{Endsley2003a,
author = {Endsley, Mica R.},
isbn = {1420063588},
pages = {450},
publisher = {Taylor \& Francis US},
title = {{Designing for Situation Awareness: An Approach to User-Centered Design, Second Edition (Google eBook)}},
url = {http://books.google.com/books?hl=en\&lr=\&id=eRPBkapAsggC\&pgis=1},
year = {2003}
}
@inproceedings{Erbacher2005,
author = {Erbacher, R.F. and Christensen, K. and Sundberg, A.},
booktitle = {Workshop on Visualiz. for Comp. Sec.},
doi = {10.1109/VIZSEC.2005.1532074},
isbn = {0-7803-9477-1},
pages = {121--127},
shorttitle = {Visualization for Computer Security, 2005. (VizSEC},
title = {{Designing visualization capabilities for IDS challenges}},
url = {http://ieeexplore.ieee.org/lpdocs/epic03/wrapper.htm?arnumber=1532074},
year = {2005}
}
@article{Erbacher2010a,
author = {Erbacher, Robert F and Frincke, Deborah A and {Chung Wong}, Pak and Moody, Sarah and Fink, Glenn},
doi = {10.1057/ivs.2010.5},
issn = {1473-8716},
journal = {Information Visualization},
language = {en},
month = jan,
number = {3},
pages = {204--219},
publisher = {SAGE Publications},
title = {{A multi-phase network situational awareness cognitive task analysis}},
url = {http://ivi.sagepub.com/content/9/3/204.abstract},
volume = {9},
year = {2010}
}
@inproceedings{Erbacher2012,
address = {New York, NY},
author = {Erbacher, Robert F.},
booktitle = {Proceedings of the Symposium on Visualization for Cyber Security},
doi = {10.1145/2379690.2379693},
isbn = {9781450314138},
month = oct,
pages = {17--24},
publisher = {ACM Press},
title = {{Visualization design for immediate high-level situational assessment}},
url = {http://dl.acm.org/citation.cfm?id=2379690.2379693},
year = {2012}
}
@inproceedings{Erbacher2010,
author = {Erbacher, Robert F. and Frincke, Deborah A. and Wong, Pak Chung and Moody, Sarah and Fink, Glenn},
booktitle = {IS\&T/SPIE Electronic Imaging},
doi = {10.1117/12.845488},
pages = {75300H--75300H},
title = {{Cognitive task analysis of network analysts and managers for network situational awareness}},
url = {http://proceedings.spiedigitallibrary.org/proceeding.aspx?articleid=776375},
year = {2010}
}
@inproceedings{Faily2011,
address = {New York, NY},
author = {Faily, Shamal and Flechais, Ivan},
booktitle = {Proceedings of the Conference on Human Factors in Computing Systems},
doi = {10.1145/1978942.1979274},
isbn = {9781450302289},
month = may,
pages = {2267},
publisher = {ACM Press},
title = {{Persona cases: A technique for grounding personas}},
url = {http://dl.acm.org/citation.cfm?id=1978942.1979274},
year = {2011}
}
@inproceedings{Fink2005,
author = {Fink, G.A. and Muessig, P. and North, C.},
booktitle = {IEEE Workshop on Visualiz. for Comp. Sec.},
doi = {10.1109/VIZSEC.2005.1532061},
isbn = {0-7803-9477-1},
pages = {11--19},
publisher = {IEEE},
shorttitle = {Visualization for Computer Security},
title = {{Visual correlation of host processes and network traffic}},
url = {http://ieeexplore.ieee.org/lpdocs/epic03/wrapper.htm?arnumber=1532061},
year = {2005}
}
@inproceedings{Fink2009,
author = {Fink, Glenn A. and North, Christopher L. and Endert, Alexander and Rose, Stuart J.},
booktitle = {Proceedings of the Workshop on Visualiz. for Cyber Sec.},
language = {English},
pages = {45--56},
title = {{Visualizing cyber security: Usable workspaces}},
url = {http://www.osti.gov/energycitations/product.biblio.jsp?osti\_id=984679},
year = {2009}
}
@article{Fischer2014,
author = {Fischer, F and Keim, DA},
journal = {Proceedings of the Symp. on Visualiz. for Cyber Sec.},
title = {{NStreamAware: Real-time visual analytics for data streams to enhance situational awareness}},
url = {http://bib.dbvis.de/uploadedFiles/nstreamaware.pdf},
year = {2014}
}
@inproceedings{Foresti2007,
author = {Foresti, S. and Agutter, J.},
booktitle = {Visualization for Cyber Security},
title = {{VisAlert: From Idea to Product}},
year = {2007}
}
@article{Foresti2006,
author = {Foresti, S. and Agutter, J. and Livnat, Y. and Moon, S. and Erbacher, R.},
doi = {10.1109/MCG.2006.49},
issn = {0272-1716},
journal = {IEEE Computer Graphics and Applications},
month = mar,
number = {2},
pages = {48--59},
title = {{Visual correlation of network alerts}},
url = {http://ieeexplore.ieee.org/xpls/abs\_all.jsp?arnumber=1607921},
volume = {26},
year = {2006}
}
@article{Fowlwer2014,
author = {Fowler, J. Joseph and Johnson, Thienne and Simonetto, Paolo and Schneider, Michael and Acedo, Carlos and Kobourov, Stephen and Lazos, Loukas},
journal = {Proceedings of the Symp. on Visualiz. for Cyber Sec.},
title = {{IMap: Visualizing network activity over internet maps}},
url = {http://www.cs.arizona.edu/~kobourov/vizsec.pdf},
year = {2014}
}
@inproceedings{Fuchs2013,
author = {Fuchs, Johannes and Fischer, Fabian and Mansmann, Florian and Bertini, Enrico and Isenberg, Petra},
booktitle = {Proceedings of the Conference on Human Factors in Computing Systems (CHI)},
pages = {3237--3246},
title = {{Evaluation of Alternative Glyph Designs for Time Series Data in a Small Multiple Setting}},
url = {http://hal.inria.fr/hal-00781504},
year = {2013}
}
@article{Gershon2001,
author = {Gershon, Nahum and Page, Ward},
doi = {10.1145/381641.381653},
issn = {00010782},
journal = {Communications of the ACM},
month = aug,
number = {8},
pages = {31--37},
publisher = {ACM},
title = {{What storytelling can do for information visualization}},
url = {http://dl.acm.org/ft\_gateway.cfm?id=381653\&type=html},
volume = {44},
year = {2001}
}
@inproceedings{Ghoniem2015,
author = {Ghoniem, Mohammad and Cornil, Ma\"{e}l and Broeksema, Bertjan and Stefas, Micka\"{e}l and Otjacques, Beno\^{\i}t},
booktitle = {IS\&T/SPIE Electronic Imaging},
doi = {10.1117/12.2079420},
editor = {Kao, David L. and Hao, Ming C. and Livingston, Mark A. and Wischgoll, Thomas},
month = feb,
pages = {93970G},
publisher = {International Society for Optics and Photonics},
title = {{Weighted maps: treemap visualization of geolocated quantitative data}},
url = {http://proceedings.spiedigitallibrary.org/proceeding.aspx?articleid=2110436},
year = {2015}
}
@article{Goodall2004,
author = {Goodall, J and Lutters, W and Komlodi, A},
journal = {AMCIS 2004 Proceedings},
title = {{The work of intrusion detection: rethinking the role of security analysts}},
url = {http://aisel.aisnet.org/cgi/viewcontent.cgi?article=1755\&context=amcis2004},
year = {2004}
}
@article{Goodall2008,
author = {Goodall, John R.},
journal = {VizSec},
pages = {1--18},
title = {{Introduction to VIsualization for Computer Security}},
url = {http://www.ornl.gov/~ojg/goodall-vizsec07.pdf},
year = {2008}
}
@inproceedings{Goodall2005,
address = {New York, NY},
author = {Goodall, John R. and Ozok, A. Ant and Lutters, Wayne G. and Rheingans, Penny and Komlodi, Anita},
booktitle = {Proceedings of the Conference on Human Factors in Computing Systems},
doi = {10.1145/1056808.1056927},
isbn = {1595930027},
month = apr,
pages = {1403},
publisher = {ACM Press},
title = {{A user-centered approach to visualizing network traffic for intrusion detection}},
url = {http://dl.acm.org/citation.cfm?id=1056808.1056927},
year = {2005}
}
@inproceedings{Goodall2009,
author = {Goodall, John R. and Sowul, Mark},
booktitle = {2009 IEEE Conference on Technologies for Homeland Security},
doi = {10.1109/THS.2009.5168026},
isbn = {978-1-4244-4178-5},
month = may,
pages = {143--150},
publisher = {IEEE},
shorttitle = {Technologies for Homeland Security, 2009. HST '09.},
title = {{VIAssist: Visual analytics for cyber defense}},
url = {http://ieeexplore.ieee.org/lpdocs/epic03/wrapper.htm?arnumber=5168026},
year = {2009}
}
@inproceedings{Grimaila2009,
author = {Grimaila, MR and Fortson, LW and Sutton, JL},
booktitle = {International Conference on Security and Management (SAM)},
title = {{Design considerations for a cyber incident mission impact assessment (CIMIA) process}},
url = {http://oai.dtic.mil/oai/oai?verb=getRecord\&metadataPrefix=html\&identifier=ADA504934},
year = {2009}
}
@inproceedings{Guenther2010,
address = {New York, NY},
author = {Guenther, Jeffrey and Volk, Fred and Shaneck, Mark},
booktitle = {Proceedings of the Seventh International Symposium on Visualization for Cyber Security - VizSec '10},
doi = {10.1145/1850795.1850797},
isbn = {9781450300131},
month = sep,
pages = {13--21},
publisher = {ACM Press},
title = {{Proposing a multi-touch interface for intrusion detection environments}},
url = {http://dl.acm.org/citation.cfm?id=1850795.1850797},
year = {2010}
}
@article{Guo2012a,
author = {Guo, PJ and Seltzer, M},
journal = {Proceedings of the USENIX Workshop on the Theory and Practice of Provenance (TaPP)},
title = {{Burrito: wrapping your lab notebook in computational infrastructure}},
url = {https://www.usenix.org/system/files/conference/tapp12/tapp12-final10.pdf},
year = {2012}
}
@inproceedings{Hao2013a,
address = {New York, NY},
author = {Hao, Lihua and Healey, Christopher G. and Hutchinson, Steve E.},
booktitle = {Proceedings of the Symp. on Visualiz. for Cyber Sec.},
doi = {10.1145/2517957.2517962},
isbn = {9781450321730},
month = oct,
pages = {33--40},
publisher = {ACM Press},
title = {{Flexible web visualization for alert-based network security analytics}},
url = {http://dl.acm.org/citation.cfm?id=2517957.2517962},
year = {2013}
}
@article{Hertzog2006,
address = {New York, NY},
author = {Hertzog, Patrick},
doi = {10.1145/1179576.1179596},
isbn = {1595935495},
journal = {Proceedings of the 3rd international workshop on Visualization for computer security - VizSEC '06},
month = nov,
pages = {95},
publisher = {ACM Press},
title = {{Visualizations to improve reactivity towards security incidents inside corporate networks}},
url = {http://dl.acm.org/citation.cfm?id=1179576.1179596},
year = {2006}
}
@inproceedings{Horn2011,
address = {New York, NY},
author = {Horn, Chris and D'Amico, Anita},
booktitle = {Proceedings of the 8th International Symposium on Visualization for Cyber Security - VizSec '11},
doi = {10.1145/2016904.2016909},
isbn = {9781450306799},
month = jul,
pages = {1--6},
publisher = {ACM Press},
title = {{Visual analysis of goal-directed network defense decisions}},
url = {http://dl.acm.org/citation.cfm?id=2016904.2016909},
year = {2011}
}
@article{Hui2010,
author = {Hui, Peter and Bruce, Joe and Fink, Glenn and Endert, Alex},
journal = {International Symposium on Collaborative Technologies and Systems (CTS)},
pages = {489--498},
title = {{Towards efficient collaboration in cyber security}},
url = {http://ieeexplore.ieee.org/xpls/abs\_all.jsp?arnumber=5478473},
year = {2010}
}
@article{Huron2012a,
author = {Huron, S and Vuillemot, R and Fekete, JD},
journal = {IEEE InfoVis (poster)},
title = {{Towards Visual Sedimentation}},
url = {http://www.aviz.fr/wiki/uploads/Research/visual-sedimentation-final.pdf},
year = {2012}
}
@article{Huron2013a,
author = {Huron, Samuel and Vuillemot, Romain and Fekete, Jean-Daniel},
doi = {10.1109/TVCG.2013.227},
issn = {1941-0506},
journal = {IEEE transactions on visualization and computer graphics},
month = dec,
number = {12},
pages = {2446--55},
pmid = {24051811},
shorttitle = {Visualization and Computer Graphics, IEEE Transact},
title = {{Visual Sedimentation}},
url = {http://www.ncbi.nlm.nih.gov/pubmed/24051811},
volume = {19},
year = {2013}
}
@article{HyogonKim2004,
author = {{Hyogon Kim} and {Inhye Kang} and {Saewoong Bahk}},
doi = {10.1109/MNET.2004.1337733},
issn = {0890-8044},
journal = {IEEE Network},
month = sep,
number = {5},
pages = {30--39},
shorttitle = {Network, IEEE},
title = {{Real-time visualization of network attacks on high-speed links}},
url = {http://ieeexplore.ieee.org/lpdocs/epic03/wrapper.htm?arnumber=1337733},
volume = {18},
year = {2004}
}
@article{Isenberg2013a,
author = {Isenberg, Tobias and Isenberg, Petra and Chen, Jian and Sedlmair, Michael and Moller, Torsten},
journal = {IEEE Transactions on Visualization and Computer Graphics},
number = {12},
pages = {2818--2827},
publisher = {IEEE},
title = {{A systematic review on the practice of evaluating visualization}},
url = {http://ieeexplore.ieee.org/xpls/abs\_all.jsp?arnumber=6634108},
volume = {19},
year = {2013}
}
@article{Itoh2006,
author = {Itoh, T. and Takakura, H. and Sawada, A. and Koyamada, K.},
doi = {10.1109/MCG.2006.34},
issn = {0272-1716},
journal = {IEEE Comp. Graphics and Appl.},
number = {2},
pages = {40--47},
shorttitle = {Computer Graphics and Applications, IEEE},
title = {{Hierarchical visualization of network intrusion detection data}},
url = {http://ieeexplore.ieee.org/lpdocs/epic03/wrapper.htm?arnumber=1607920},
volume = {26},
year = {2006}
}
@article{Jackle2015,
author = {Jackle, Dominik and Fischer, Fabian and Schreck, Tobias and Keim, Daniel},
doi = {10.1109/TVCG.2015.2467553},
issn = {1077-2626},
journal = {IEEE Transactions on Visualization and Computer Graphics},
number = {99},
pages = {1--1},
shorttitle = {Visualization and Computer Graphics, IEEE Transact},
title = {{Temporal MDS plots for analysis of multivariate data}},
url = {http://ieeexplore.ieee.org/lpdocs/epic03/wrapper.htm?arnumber=7192673},
volume = {PP},
year = {2015}
}
@article{Kandel2012a,
author = {Kandel, S and Paepcke, A},
journal = {IEEE TRANSACTIONS \ldots},
title = {{Enterprise Data Analysis and Visualization: An Interview Study}},
url = {http://www.cse.ohio-state.edu/~raghu/teaching/CSE5544/Visweek2012/vast/papers/kandel.pdf},
year = {2012}
}
@article{Kang2012,
author = {Kang, Youn-ah and Stasko, John},
doi = {10.1109/TVCG.2012.224},
issn = {1077-2626},
journal = {IEEE Transactions on Visualization and Computer Graphics},
language = {English},
month = dec,
number = {12},
pages = {2869--2878},
publisher = {IEEE},
title = {{Examining the Use of a Visual Analytics System for Sensemaking Tasks: Case Studies with Domain Experts}},
url = {http://www.computer.org/csdl/trans/tg/2012/12/ttg2012122869.html},
volume = {18},
year = {2012}
}
@incollection{Keim2008,
address = {Berlin, Heidelberg},
author = {Keim, Daniel A. and Mansmann, Florian and Schneidewind, J\{$\backslash$"o\}rn and Thomas, Jim and Ziegler, Hartmut},
booktitle = {VIsual Data Mining},
doi = {10.1007/978-3-540-71080-6},
editor = {Simoff, Simeon J. and B\"{o}hlen, Michael H. and Mazeika, Arturas},
isbn = {978-3-540-71079-0},
issn = {0302-9743},
publisher = {Springer Berlin Heidelberg},
series = {Lecture Notes in Computer Science},
title = {{Visual Analytics: Scope and Challenges}},
url = {http://www.springerlink.com/index/10.1007/978-3-540-71080-6},
volume = {4404},
year = {2008}
}
@article{Kerzner2015,
author = {Kerzner, Ethan and Butler, Lee A and Hansen, Charles and Meyer, Miriah},
journal = {EuroVis},
number = {3},
title = {{A Shot at Visual Vulnerability Analysis}},
volume = {34},
year = {2015}
}
@inproceedings{Kintzel2011,
address = {New York, NY},
author = {Kintzel, Christopher and Fuchs, Johannes and Mansmann, Florian},
booktitle = {Proceedings of the 8th International Symposium on Visualization for Cyber Security - VizSec '11},
doi = {10.1145/2016904.2016906},
isbn = {9781450306799},
month = jul,
pages = {1--10},
publisher = {ACM Press},
title = {{Monitoring large IP spaces with ClockView}},
url = {http://dl.acm.org/citation.cfm?id=2016904.2016906},
year = {2011}
}
@inproceedings{Koike2005,
author = {Koike, H. and Ohno, K. and Koizumi, K.},
booktitle = {Proceedings of the Workshop on Visualiz. for Cyber Sec.},
doi = {10.1109/VIZSEC.2005.1532070},
isbn = {0-7803-9477-1},
pages = {91--98},
publisher = {IEEE},
shorttitle = {Visualization for Computer Security, 2005. (VizSEC},
title = {{Visualizing cyber attacks using IP matrix}},
url = {http://ieeexplore.ieee.org/lpdocs/epic03/wrapper.htm?arnumber=1532070},
year = {2005}
}
@inproceedings{Komlodi2005,
author = {Komlodi, A. and Rheingans, P. and Ayachit, U. and Goodall, J.R. and Joshi, A.},
booktitle = {Proceedings of the Workshop on Visualiz. for Cyber Sec.},
doi = {10.1109/VIZSEC.2005.1532062},
isbn = {0-7803-9477-1},
pages = {21--28},
publisher = {IEEE},
shorttitle = {Visualization for Computer Security, 2005. (VizSEC},
title = {{A user-centered look at glyph-based security visualization}},
url = {http://ieeexplore.ieee.org/lpdocs/epic03/wrapper.htm?arnumber=1532062},
year = {2005}
}
@article{Kosara2013,
author = {Kosara, Robert and Mackinlay, Jock},
doi = {10.1109/MC.2013.36},
issn = {0018-9162},
journal = {Computer},
month = may,
number = {5},
pages = {44--50},
shorttitle = {Computer},
title = {{Storytelling: The next step for visualization}},
url = {http://ieeexplore.ieee.org/lpdocs/epic03/wrapper.htm?arnumber=6412677},
volume = {46},
year = {2013}
}
@inproceedings{Lakkaraju2004,
address = {New York, NY},
author = {Lakkaraju, Kiran and Yurcik, William and Lee, Adam J.},
booktitle = {Proceedings of the ACM Workshop on Visualization and Data Mining for Computer Security},
doi = {10.1145/1029208.1029219},
isbn = {1581139748},
month = oct,
pages = {65},
publisher = {ACM Press},
title = {{NVisionIP: netflow visualizations of system state for security situational awareness}},
url = {http://dl.acm.org/citation.cfm?id=1029208.1029219},
year = {2004}
}
@inproceedings{Landstorfer,
author = {Landstorfer, J and Herrmann, I and Stange, JE},
booktitle = {Proceedings of the IEEE Conference on Visual Analytics Science and Technology},
title = {{Weaving a carpet from log entries: A network security visualization built with co-creation}},
url = {http://mariandoerk.de/papers/vast2014.pdf},
year = {2014}
}
@inproceedings{Leschke2013,
address = {New York, NY},
author = {Leschke, Timothy R. and Nicholas, Charles},
booktitle = {Proceedings of the Workshop on Visualiz. for Cyber Sec.},
doi = {10.1145/2517957.2517960},
isbn = {9781450321730},
month = oct,
pages = {17--24},
publisher = {ACM Press},
title = {{Change-link 2.0: A digital forensic tool for visualizing changes to shadow volume data}},
url = {http://dl.acm.org/citation.cfm?id=2517957.2517960},
year = {2013}
}
@inproceedings{Leschke2012,
address = {New York, NY},
author = {Leschke, Timothy R. and Sherman, Alan T.},
booktitle = {Proceedings of the Symposium on Visualiz. for Cyber Sec.},
doi = {10.1145/2379690.2379697},
isbn = {9781450314138},
month = oct,
pages = {48--55},
publisher = {ACM Press},
title = {{Change-Link: A digital forensic tool for visualizing changes to directory trees}},
url = {http://dl.acm.org/citation.cfm?id=2379690.2379697},
year = {2012}
}
@inproceedings{Livnat2005,
author = {Livnat, Y. and Agutter, J. and Moon, S. and Erbacher, R.F. and Foresti, S.},
booktitle = {Proceedings from the Sixth Annual IEEE Systems, Man and Cybernetics (SMC) Information Assurance Workshop, 2005.},
doi = {10.1109/IAW.2005.1495939},
isbn = {0-7803-9290-6},
pages = {92--99},
publisher = {IEEE},
title = {{A visualization paradigm for network intrusion detection}},
url = {http://ieeexplore.ieee.org/xpls/abs\_all.jsp?arnumber=1495939},
year = {2005}
}
@inproceedings{Livnat2005a,
author = {Livnat, Y. and Agutter, J. and Moon, S. and Foresti, S.},
booktitle = {IEEE Symposium on Information Visualization},
doi = {10.1109/INFVIS.2005.1532134},
isbn = {0-7803-9464-X},
pages = {95--102},
publisher = {IEEE},
title = {{Visual correlation for situational awareness}},
url = {http://ieeexplore.ieee.org/xpl/articleDetails.jsp?arnumber=1532134},
year = {2005}
}
@inproceedings{MacEachren2011,
author = {MacEachren, Alan M. and Jaiswal, Anuj and Robinson, Anthony C. and Pezanowski, Scott and Savelyev, Alexander and Mitra, Prasenjit and Zhang, Xiao and Blanford, Justine},
booktitle = {IEEE VAST},
pages = {181--190},
title = {{SensePlace2: GeoTwitter Analytics Support for Situational Awareness}},
url = {http://www.geovista.psu.edu/publications/2011/MacEachren\_VAST\_2011\_reducedsize.pdf},
year = {2011}
}
@article{Mahoney2010,
author = {Mahoney, S. and Roth, E. and Steinke, K. and Pfautz, J. and Wu, C. and Farry, M.},
doi = {10.1177/154193121005400403},
issn = {1071-1813},
journal = {Proceedings of the Human Factors and Ergonomics Society Annual Meeting},
language = {en},
month = sep,
number = {4},
pages = {279--283},
publisher = {SAGE Publications},
title = {{A cognitive task analysis for cyber situational awareness}},
url = {http://pro.sagepub.com/content/54/4/279.abstract},
volume = {54},
year = {2010}
}
@article{Mancuso2012,
author = {Mancuso, Vincent F. and Minotra, Dev and Giacobe, Nicklaus and McNeese, Michael and Tyworth, Michael},
journal = {IEEE International Multi-Disciplinary Conference on Cognitive Methods in Situation Awareness and Decision Support},
title = {{idsNETS: An experimental platform to study situation awareness for intrusion detection analysts}},
url = {http://scholar.google.com/scholar.bib?q=info:7EJYkg1e8twJ:scholar.google.com/\&output=citation\&hl=en\&as\_sdt=0,45\&ct=citation\&cd=0},
year = {2012}
}
@article{Mansmann2007,
author = {Mansmann, Florian and Keim, Daniel A and North, Stephen C and Rexroad, Brian and Sheleheda, Daniel},
doi = {10.1109/TVCG.2007.70522},
issn = {1077-2626},
journal = {IEEE transactions on visualization and computer graphics},
month = jan,
number = {6},
pages = {1105--12},
pmid = {17968053},
shorttitle = {Visualization and Computer Graphics, IEEE Transact},
title = {{Visual analysis of network traffic for resource planning, interactive monitoring, and interpretation of security threats}},
url = {http://www.ncbi.nlm.nih.gov/pubmed/17968053},
volume = {13},
year = {2007}
}
@inproceedings{McGinn2008,
address = {New York, NY},
author = {McGinn, Jennifer (Jen) and Kotamraju, Nalini},
booktitle = {Proceedings of the Conference on Human Factors in Computing Systems},
doi = {10.1145/1357054.1357292},
isbn = {9781605580111},
month = apr,
pages = {1521},
publisher = {ACM Press},
title = {{Data-driven persona development}},
url = {http://dl.acm.org/citation.cfm?id=1357054.1357292},
year = {2008}
}
@article{Miksch2014,
author = {Miksch, Silvia and Aigner, Wolfgang},
doi = {10.1016/j.cag.2013.11.002},
issn = {00978493},
journal = {Computers \& Graphics},
month = feb,
pages = {286--290},
title = {{A matter of time: Applying a data-users-tasks design triangle to visual analytics of time-oriented data}},
url = {http://www.sciencedirect.com/science/article/pii/S0097849313001817},
volume = {38},
year = {2014}
}
@inproceedings{Munzner1996,
author = {Munzner, T. and Hoffman, E. and Claffy, K. and Fenner, B.},
booktitle = {Proceedings IEEE Symposium on Information Visualization '96},
doi = {10.1109/INFVIS.1996.559226},
isbn = {0-8186-7668-X},
pages = {85--92,},
publisher = {IEEE Comput. Soc. Press},
shorttitle = {Information Visualization '96, Proceedings IEEE Sy},
title = {{Visualizing the global topology of the MBone}},
url = {http://ieeexplore.ieee.org/lpdocs/epic03/wrapper.htm?arnumber=559226},
year = {1996}
}
@article{Munzner2009,
author = {Munzner, Tamara},
doi = {10.1109/TVCG.2009.111},
issn = {1077-2626},
journal = {IEEE Transactions on Visualization and Computer Graphics},
number = {6},
pages = {921--928},
pmid = {19834155},
publisher = {IEEE},
title = {{A nested model for visualization design and validation}},
url = {http://www.ncbi.nlm.nih.gov/pubmed/19834155},
volume = {15},
year = {2009}
}
@inproceedings{Musa2008,
author = {Musa, Shahrulniza and Parish, David J.},
booktitle = {Visualiz. for Comp. Sec.},
doi = {10.1007/978-3-540-85933-8},
isbn = {978-3-540-85931-4},
issn = {0302-9743},
pages = {169--180},
publisher = {Springer},
title = {{Using time series 3D alertgraph and false alert classification to analyse snort alerts}},
url = {http://dl.acm.org/citation.cfm?id=1431913.1431930},
volume = {5210},
year = {2008}
}
@misc{North2009,
author = {North, Chris and Endert, Alex and Andrews, Christopher and Fink, Glenn},
title = {{The Visualization Pipeline is Broken}},
url = {http://scholar.google.com/scholar.bib?q=info:O345iQKqtWMJ:scholar.google.com/\&output=citation\&hl=en\&as\_sdt=0,45\&scfhb=1\&ct=citation\&cd=0},
year = {2009}
}
@phdthesis{Nusinov2009,
author = {Nusinov, Michael Cooper},
language = {en\_US},
school = {Rochester Institute of Technology},
title = {{Visualizing threat and impact assessment to improve situation awareness}},
url = {https://ritdml.rit.edu/handle/1850/11245},
year = {2009}
}
@inproceedings{Oehler2010,
address = {New York, NY},
author = {Oehler, Michael and Phatak, Dhananjay and Krautheim, John},
booktitle = {Proceedings of the Seventh International Symposium on Visualization for Cyber Security - VizSec '10},
doi = {10.1145/1850795.1850803},
isbn = {9781450300131},
month = sep,
pages = {64--69},
publisher = {ACM Press},
title = {{Visualizing your key for secure phone calls and language independence}},
url = {http://dl.acm.org/citation.cfm?id=1850795.1850803},
year = {2010}
}
@inproceedings{Oline2005,
author = {Oline, A. and Reiners, D.},
booktitle = {IEEE Workshop on Visualization for Computer Security, 2005. (VizSEC 05).},
doi = {10.1109/VIZSEC.2005.1532073},
isbn = {0-7803-9477-1},
pages = {113--120},
publisher = {IEEE},
shorttitle = {Visualization for Computer Security, 2005. (VizSEC},
title = {{Exploring three-dimensional visualization for intrusion detection}},
url = {http://ieeexplore.ieee.org/lpdocs/epic03/wrapper.htm?arnumber=1532073},
year = {2005}
}
@article{Paul2015,
author = {Paul, Celeste Lyn and Rohrer, Randall and Nebesh, Bohdan},
doi = {10.1109/MCG.2015.7},
issn = {1558-1756},
journal = {IEEE Computer Graphics and Applications},
month = jan,
number = {1},
pages = {12--8},
pmid = {25666597},
shorttitle = {Computer Graphics and Applications, IEEE},
title = {{A "design first" approach to visualization innovation}},
url = {http://www.ncbi.nlm.nih.gov/pubmed/25666597},
volume = {35},
year = {2015}
}
@article{Paul2013,
author = {Paul, CL and Rohrer, R and Sponaugle, P and Huston, J and Nebesh, B},
journal = {Proceedings of the Symp. on Visualiz. for Cyber Sec.},
title = {{CyberSAVI: A cyber situation awareness visual interface for mission-level network situation awareness}},
url = {http://www.vizsec.org/files/2013/Paul-abstract.pdf},
year = {2013}
}
@article{Paul2013a,
author = {Paul, CL and Whitley, K},
journal = {Human Aspects of Information Security, Privacy, and Trust},
title = {{A taxonomy of cyber awareness questions for the user-centered design of cyber situation awareness}},
url = {http://link.springer.com/chapter/10.1007/978-3-642-39345-7\_16},
year = {2013}
}
@inproceedings{Pike2008,
author = {Pike, William A. and Scherrer, C. and Zabriskie, S.},
booktitle = {Visualization for Cyber Security},
title = {{Putting Security in Context: Visual Correlation of Network Activity with Real-World Information}},
year = {2008}
}
@article{Preim2013a,
author = {Preim, B and Rheingans, P and Theisel, H},
journal = {Eurographics Conference on Visualization (EuroVis)},
title = {{Maximum Entropy Summary Trees}},
url = {http://www2.research.att.com/~kshirley/KarloffShirleyWebsite.pdf},
year = {2013}
}
@inproceedings{Pruitt2003,
address = {New York, NY},
author = {Pruitt, John and Grudin, Jonathan},
booktitle = {Proceedings of the Conference on Designing for User Experiences},
doi = {10.1145/997078.997089},
isbn = {1581137281},
month = jun,
pages = {1},
publisher = {ACM Press},
title = {{Personas: Practice and theory}},
url = {http://dl.acm.org/citation.cfm?id=997078.997089},
year = {2003}
}
@inproceedings{Rasmussen2010,
address = {New York, NY},
author = {Rasmussen, Jamie and Ehrlich, Kate and Ross, Steven and Kirk, Susanna and Gruen, Daniel and Patterson, John},
booktitle = {Proceedings of the Symp. on Visualiz. for Cyber Sec.},
doi = {10.1145/1850795.1850807},
isbn = {9781450300131},
month = sep,
pages = {102--113},
publisher = {ACM Press},
title = {{Nimble cybersecurity incident management through visualization and defensible recommendations}},
url = {http://dl.acm.org/citation.cfm?id=1850795.1850807},
year = {2010}
}
@article{Robertson2008,
author = {Robertson, George and Fernandez, Roland and Fisher, Danyel and Lee, Bongshin and Stasko, John},
doi = {10.1109/TVCG.2008.125},
issn = {1077-2626},
journal = {IEEE transactions on visualization and computer graphics},
month = jan,
number = {6},
pages = {1325--32},
pmid = {18988980},
shorttitle = {Visualization and Computer Graphics, IEEE Transact},
title = {{Effectiveness of animation in trend visualization}},
url = {http://www.ncbi.nlm.nih.gov/pubmed/18988980},
volume = {14},
year = {2008}
}
@inproceedings{Roveta2011,
address = {New York, NY},
author = {Roveta, Francesco and Caviglia, Giorgio and {Di Mario}, Luca and Zanero, Stefano and Maggi, Federico and Ciuccarelli, Paolo},
booktitle = {Proceedings of the 8th International Symposium on Visualization for Cyber Security - VizSec '11},
doi = {10.1145/2016904.2016910},
isbn = {9781450306799},
month = jul,
pages = {1--10},
publisher = {ACM Press},
title = {{BURN: Baring unknown rogue networks}},
url = {http://dl.acm.org/citation.cfm?id=2016904.2016910},
year = {2011}
}
@article{Salerno2008,
author = {Salerno, John},
journal = {International Conference on Information Fusion},
month = jul,
pages = {1--8},
title = {{Measuring Situation Assessment Performance through the Activities of Interest Score}},
url = {http://oai.dtic.mil/oai/oai?verb=getRecord\&metadataPrefix=html\&identifier=ADA520497},
year = {2008}
}
@article{Schulz2013a,
author = {Schulz, Hans-Jorg and Nocke, Thomas and Heitzler, Magnus and Schumann, Heidrun},
journal = {IEEE Transactions on Visualization and Computer Graphics},
number = {12},
pages = {2366--2375},
publisher = {IEEE},
title = {{A design space of visualization tasks}},
url = {http://www.informatik.uni-rostock.de/~hs162/pdf/taskds.pdf},
volume = {19},
year = {2013}
}
@inproceedings{Schwartz2008,
address = {Berlin, Heidelberg},
author = {Schwartz, Moses and Liebrock, L. M.},
booktitle = {VizSec},
doi = {10.1007/978-3-540-85933-8},
editor = {Goodall, John R. and Conti, Gregory and Ma, Kwan-Liu},
isbn = {978-3-540-85931-4},
issn = {0302-9743},
month = sep,
pages = {36--43},
publisher = {Springer Berlin Heidelberg},
series = {Lecture Notes in Computer Science},
title = {{A term distribution visualization approach to digital forensic string search}},
url = {http://dl.acm.org/citation.cfm?id=1431913.1431917},
volume = {5210},
year = {2008}
}
@article{Sedlmair2012b,
author = {Sedlmair, Michael and Meyer, Miriah and Munzner, Tamara},
journal = {IEEE Trans. on Visualiz. and Comp. Graphics},
number = {12},
pages = {2431--2440},
publisher = {IEEE},
title = {{Design study methodology: Reflections from the trenches and the stacks}},
volume = {18},
year = {2012}
}
@article{Shiravi2012,
author = {Shiravi, Hadi and Shiravi, Ali and Ghorbani, Ali A},
doi = {10.1109/TVCG.2011.144},
issn = {1941-0506},
journal = {IEEE Transactions on Visualization and Computer Graphics},
month = aug,
number = {8},
pages = {1313--29},
pmid = {21876227},
title = {{A survey of visualization systems for network security}},
url = {http://www.ncbi.nlm.nih.gov/pubmed/21876227},
volume = {18},
year = {2012}
}
@inproceedings{Shneiderman2006,
author = {Shneiderman, Ben and Plaisant, Catherine},
booktitle = {Proceedings of the AVI workshop on Beyond Time and Errors Novel Evaluation Methods for Information Visualization (BELIV)},
doi = {10.1145/1168149.1168158},
isbn = {1595935622},
pages = {1--7},
publisher = {ACM},
title = {{Strategies for evaluating information visualization tools: multi-dimensional in-depth long-term case studies}},
url = {http://portal.acm.org/citation.cfm?doid=1168149.1168158},
year = {2006}
}
@inproceedings{Stephano2006,
address = {New York, NY},
author = {Stephano, Amanda L. and Groth, Dennis P.},
booktitle = {Proceedings of the 3rd international workshop on Visualization for computer security - VizSEC '06},
doi = {10.1145/1179576.1179598},
isbn = {1595935495},
month = nov,
pages = {109},
publisher = {ACM Press},
title = {{USEable security: Interface design strategies for improving security}},
url = {http://dl.acm.org/citation.cfm?id=1179576.1179598},
year = {2006}
}
@inproceedings{Stoffel2013a,
address = {New York, NY},
author = {Stoffel, Florian and Fischer, Fabian and Keim, Daniel A.},
booktitle = {Proceedings of the Tenth Workshop on Visualization for Cyber Security - VizSec '13},
doi = {10.1145/2517957.2517966},
isbn = {9781450321730},
month = oct,
pages = {65--72},
publisher = {ACM Press},
title = {{Finding anomalies in time-series using visual correlation for interactive root cause analysis}},
url = {http://dl.acm.org/citation.cfm?id=2517957.2517966},
year = {2013}
}
@article{Stoll2008a,
author = {Stoll, J and McColgin, D and Gregory, M and Crow, V and Edwards, WK},
journal = {Proceedings of the Workshop on Visualization for Cyber Security},
title = {{Adapting personas for use in security visualization design}},
url = {http://link.springer.com/chapter/10.1007/978-3-540-78243-8\_3},
year = {2007}
}
@inproceedings{Stoll2008,
address = {New York, NY},
author = {Stoll, Jennifer and Tashman, Craig S. and Edwards, W. Keith and Spafford, Kyle},
booktitle = {Proceeding of the twenty-sixth annual CHI conference on Human factors in computing systems - CHI '08},
doi = {10.1145/1357054.1357217},
isbn = {9781605580111},
month = apr,
pages = {1045},
publisher = {ACM Press},
title = {{Sesame: Informing User Security Decisions with System Visualization}},
url = {http://dl.acm.org/citation.cfm?id=1357054.1357217},
year = {2008}
}
@article{Sundaramurthy2014,
author = {Sundaramurthy, Sathya Chandran and McHugh, John and Ou, Xinming and Rajagopalan, S. Raj and Wesch, Michael},
journal = {IEEE Security \& Privacy},
title = {{An Anthropological Approach to Studying CSIRTs}},
url = {http://www.arguslab.org/documents/spsi\_csirts\_submission.pdf},
year = {2014}
}
@article{Suo2008,
address = {Berlin, Heidelberg},
author = {Suo, Xiaoyuan and Zhu, Ying and Owen, Scott},
doi = {10.1007/978-3-540-85933-8},
editor = {Goodall, John R. and Conti, Gregory and Ma, Kwan-Liu},
isbn = {978-3-540-85931-4},
issn = {0302-9743},
journal = {VizSEC},
month = sep,
pages = {87--94},
publisher = {Springer Berlin Heidelberg},
series = {Lecture Notes in Computer Science},
title = {{A Task Centered Framework for Computer Security Data Visualization}},
url = {http://dl.acm.org/citation.cfm?id=1431913.1431922},
volume = {5210},
year = {2008}
}
@techreport{TableauSoftware2014,
author = {{Tableau Software}},
title = {{5 Best Practices for Creating Effective Dashboards | Tableau Software}},
url = {http://www.tableausoftware.com/asset/5-best-practices-for-creating-effective-dashboards?cid=70160000000Y4Jr\&ls=Advertisement\&lsd=Facebook Exchange - Remarket - Effective Dashboards\&adgroup=\&kw=\&adused=\&distribution=Facebook Exchange},
year = {2014}
}
@article{Tak2012,
author = {Tak, Susanne and Cockburn, Andy},
doi = {10.1109/TVCG.2012.108},
issn = {1941-0506},
journal = {IEEE transactions on visualization and computer graphics},
month = apr,
number = {1},
pages = {141--148},
pmid = {22508907},
shorttitle = {Visualization and Computer Graphics, IEEE Transact},
title = {{Enhanced Spatial Stability with Hilbert and Moore Treemaps}},
url = {http://www.ncbi.nlm.nih.gov/pubmed/22508907},
volume = {19},
year = {2012}
}
@article{Talbot2014,
author = {Talbot, Justin and Setlur, Vidya and Anand, Anushka},
doi = {10.1109/TVCG.2014.2346320},
issn = {1077-2626},
journal = {IEEE Transactions on Visualization and Computer Graphics},
month = dec,
number = {12},
pages = {2152--2160},
shorttitle = {Visualization and Computer Graphics, IEEE Transact},
title = {{Four Experiments on the Perception of Bar Charts}},
url = {http://ieeexplore.ieee.org/lpdocs/epic03/wrapper.htm?arnumber=6876021},
volume = {20},
year = {2014}
}
@inproceedings{Taylor2009,
author = {Taylor, Teryl and Paterson, Diana and Glanfield, Joel and Gates, Carrie and Brooks, Stephen and McHugh, John},
booktitle = {Cybersecurity Applications \& Technology Conference for Homeland Security},
doi = {10.1109/CATCH.2009.18},
isbn = {978-0-7695-3568-5},
month = mar,
pages = {186--198},
publisher = {IEEE},
shorttitle = {Conference For Homeland Security, 2009. CATCH '09.},
title = {{FloVis: Flow visualization system}},
url = {http://ieeexplore.ieee.org/lpdocs/epic03/wrapper.htm?arnumber=4804443},
year = {2009}
}
@inproceedings{Thompson2007,
address = {New York, NY},
author = {Thompson, Ramona Su and Rantanen, Esa M. and Yurcik, William and Bailey, Brian P.},
booktitle = {Proceedings of the SIGCHI conference on Human factors in computing systems - CHI '07},
doi = {10.1145/1240624.1240807},
isbn = {9781595935939},
month = apr,
pages = {1205},
publisher = {ACM Press},
title = {{Command line or pretty lines? Comparing textual and visual interfaces for intrusion detection}},
url = {http://dl.acm.org/citation.cfm?id=1240624.1240807},
year = {2007}
}
@inproceedings{Tominski2008,
author = {Tominski, Christian and Fuchs, Georg and Schumann, Heidrun},
booktitle = {2008 12th International Conference Information Visualisation},
doi = {10.1109/IV.2008.24},
isbn = {978-0-7695-3268-4},
issn = {1550-6037},
month = jul,
pages = {373--380},
publisher = {IEEE},
shorttitle = {Information Visualisation, 2008. IV '08. 12th Inte},
title = {{Task-Driven Color Coding}},
url = {http://ieeexplore.ieee.org/lpdocs/epic03/wrapper.htm?arnumber=4577975},
year = {2008}
}
@article{Tversky2006,
author = {Tversky, Barbara and Agrawala, Maneesh and Heiser, Julie and Lee, P. U. and Hanrahan, Pat and Phan, Doantam and Stolte, Chris and Daniele, M. P.},
title = {{Cognitive design principles: From cognitive models to computer models}},
url = {http://philpapers.org/rec/TVECDP},
year = {2006}
}
@inproceedings{VandenElzen2013,
author = {van den Elzen, Stef and Holten, Danny and Blaas, Jorik and van Wijk, Jarke J.},
booktitle = {2013 IEEE Pacific Visualization Symposium (PacificVis)},
doi = {10.1109/PacificVis.2013.6596125},
isbn = {978-1-4673-4797-6},
issn = {2165-8765},
month = feb,
pages = {33--40},
publisher = {IEEE},
shorttitle = {Visualization Symposium (PacificVis), 2013 IEEE Pa},
title = {{Reordering Massive Sequence Views: Enabling temporal and structural analysis of dynamic networks}},
url = {http://ieeexplore.ieee.org/lpdocs/epic03/wrapper.htm?arnumber=6596125},
year = {2013}
}
@article{VandenElzen2014,
author = {van den Elzen, Stef and van Wijk, Jarke J.},
doi = {10.1109/TVCG.2014.2346441},
issn = {1077-2626},
journal = {IEEE Transactions on Visualization and Computer Graphics},
number = {12},
pages = {1--1},
shorttitle = {Visualization and Computer Graphics, IEEE Transact},
title = {{Multivariate network exploration and presentation: From detail to overview via selections and aggregations}},
url = {http://ieeexplore.ieee.org/lpdocs/epic03/wrapper.htm?arnumber=6875972},
volume = {20},
year = {2014}
}
@article{VanGoethem2014,
author = {van Goethem, Arthur and Reimer, Andreas and Speckmann, Bettina and Wood, Jo},
doi = {10.1109/TVCG.2014.2346274},
issn = {1077-2626},
journal = {IEEE Transactions on Visualization and Computer Graphics},
month = dec,
number = {12},
pages = {2053--2062},
shorttitle = {Visualization and Computer Graphics, IEEE Transact},
title = {{Stenomaps: Shorthand for shapes}},
url = {http://ieeexplore.ieee.org/lpdocs/epic03/wrapper.htm?arnumber=6876003},
volume = {20},
year = {2014}
}
@book{Vicente1999a,
author = {Vicente, Kim J.},
isbn = {1410603032},
pages = {416},
publisher = {CRC Press},
title = {{Cognitive Work Analysis: Toward Safe, Productive, and Healthy Computer-Based Work}},
url = {http://books.google.com/books?hl=en\&lr=\&id=2lJHL\_ZmsGoC\&pgis=1},
year = {1999}
}
@inproceedings{Vieweg2010,
address = {New York, NY},
author = {Vieweg, Sarah and Hughes, Amanda L. and Starbird, Kate and Palen, Leysia},
booktitle = {Proceedings of the 28th international conference on Human factors in computing systems - CHI '10},
doi = {10.1145/1753326.1753486},
isbn = {9781605589299},
month = apr,
pages = {1079},
publisher = {ACM Press},
title = {{Microblogging during two natural hazards events}},
url = {http://dl.acm.org/citation.cfm?id=1753326.1753486},
year = {2010}
}
@inproceedings{Wagner,
author = {Wagner, M},
booktitle = {Doctoral Consortium on Computer Vision, Imaging and Computer Graphics Theory and Applications (DCVISIGRAPP 2015)},
title = {{Integrating Explicit Knowledge in the Visual Analytics Process}},
url = {http://mc.fhstp.ac.at/sites/default/files/publications/Wagner\_IntegratingExplicitKnowledgeInTheVisualAnalyticsProcess.pdf},
year = {2015}
}
@inproceedings{Wagner2014,
address = {New York, NY},
author = {Wagner, Markus and Aigner, Wolfgang and Rind, Alexander and Dornhackl, Hermann and Kadletz, Konstantin and Luh, Robert and Tavolato, Paul},
booktitle = {Proceedings of the Symposium on Visualization for Cyber Security},
doi = {10.1145/2671491.2671498},
isbn = {9781450328265},
month = nov,
pages = {9--16},
publisher = {ACM Press},
title = {{Problem characterization and abstraction for visual analytics in behavior-based malware pattern analysis}},
url = {http://dl.acm.org/citation.cfm?id=2671491.2671498},
year = {2014}
}
@inproceedings{Watson2005,
author = {Watson, B.},
booktitle = {Proceedings of the Workshop on Visualiz. for Comp. Sec.},
doi = {10.1109/VIZSEC.2005.1532064},
isbn = {0-7803-9477-1},
pages = {39--46},
publisher = {IEEE},
shorttitle = {Visualization for Computer Security},
title = {{IDGraphs: Intrusion detection and analysis using histographs}},
url = {http://ieeexplore.ieee.org/lpdocs/epic03/wrapper.htm?arnumber=1532064},
year = {2005}
}
@article{Wei2007,
author = {Wei, June and Salvendy, Gavriel},
isbn = {10.1080/01449290410001673036},
journal = {Behaviour \& Information Technology},
language = {en},
month = feb,
publisher = {Taylor \& Francis Ltd},
title = {{The cognitive task analysis methods for job and task design: review and reappraisal}},
url = {http://www.tandfonline.com/doi/abs/10.1080/01449290410001673036?journalCode=tbit20},
year = {2007}
}
@article{Willett2011a,
author = {Willett, W and Heer, J and Hellerstein, JM and Agrawala, M},
journal = {Proceedings of the SIGCHI Conference on Human Factors in Computing Systems},
pages = {3131--3140},
title = {{CommentSpace: Structured Support for Collaborative Visual Analysis}},
url = {http://citeseerx.ist.psu.edu/viewdoc/download?doi=10.1.1.188.1845\&rep=rep1\&type=pdf},
year = {2011}
}
@inproceedings{Goodall2008a,
address = {Berlin, Heidelberg},
author = {Williams, Leevar and Lippmann, Richard and Ingols, Kyle},
booktitle = {Visualization for Cyber Security},
doi = {10.1007/978-3-540-85933-8},
editor = {Goodall, John R. and Conti, Gregory and Ma, Kwan-Liu},
isbn = {978-3-540-85931-4},
issn = {0302-9743},
publisher = {Springer Berlin Heidelberg},
series = {Lecture Notes in Computer Science},
title = {{GARNET: A Graphical Attack Graph and Reachability Network Evaluation Tool}},
url = {http://www.springerlink.com/index/10.1007/978-3-540-85933-8},
volume = {5210},
year = {2008}
}
@article{Wood2008a,
author = {Wood, J and Dykes, J},
journal = {IEEE Trans. on Visualiz. and Comp. Graphics},
title = {{Spatially ordered treemaps}},
url = {http://deca.cuc.edu.cn/Community/cfs-filesystemfile.ashx/\_\_key/CommunityServer.Components.PostAttachments/00.00.00.03.06/Spatially-Ordered-Treemaps\_5F00\_Jo-Wood-and-Jasson-Dykes\_5F00\_2008.pdf},
year = {2008}
}
@article{Wood2014,
author = {Wood, Jo and Beecham, Roger and Dykes, Jason},
doi = {10.1109/TVCG.2014.2346323},
issn = {1077-2626},
journal = {IEEE Trans. on Visualiz. and Comp. Graphics},
number = {99},
pages = {1--1},
shorttitle = {Visualization and Computer Graphics, IEEE Transact},
title = {{Moving beyond sequential design: Reflections on a rich multi-channel approach to data visualization}},
url = {http://ieeexplore.ieee.org/lpdocs/epic03/wrapper.htm?arnumber=6875966},
volume = {PP},
year = {2014}
}
@inproceedings{Yin2004,
address = {New York, NY},
author = {Yin, Xiaoxin and Yurcik, William and Treaster, Michael and Li, Yifan and Lakkaraju, Kiran},
booktitle = {Proceedings of the Workshop on Visualiz. and Data Mining for Comp. Sec.},
doi = {10.1145/1029208.1029214},
isbn = {1581139748},
month = oct,
pages = {26},
publisher = {ACM Press},
title = {{VisFlowConnect: Netflow visualizations of link relationships for security situational awareness}},
url = {http://dl.acm.org/citation.cfm?id=1029208.1029214},
year = {2004}
}
@inproceedings{Yu2010,
address = {New York, NY},
author = {Yu, Tamara and Lippmann, Richard and Riordan, James and Boyer, Stephen},
booktitle = {Proceedings of the Symp. on Visualiz. for Cyber Sec.},
doi = {10.1145/1850795.1850796},
isbn = {9781450300131},
month = sep,
pages = {1--12},
publisher = {ACM Press},
title = {{EMBER: A global perspective on extreme malicious behavior}},
url = {http://dl.acm.org/citation.cfm?id=1850795.1850796},
year = {2010}
}
@article{Yurcik2006,
author = {Yurcik, W},
journal = {18th Annual FIRST Conference on Computer Security  \ldots},
title = {{VisFlowConnect-IP: A link-based visualization of Netflows for security monitoring}},
url = {https://appnode1.first.org/conference/2006/papers/yurcik-william-papers.pdf},
year = {2006}
}
@inproceedings{Zhong2015,
address = {New York, NY},
author = {Zhong, Chen and Yen, John and Liu, Peng and Erbacher, Rob and Etoty, Renee and Garneau, Christopher},
booktitle = {Proceedings of the Symposium and Bootcamp on the Science of Security},
doi = {10.1145/2746194.2746203},
isbn = {9781450333764},
month = apr,
pages = {1--11},
publisher = {ACM Press},
title = {{An integrated computer-aided cognitive task analysis method for tracing cyber-attack analysis processes}},
url = {http://dl.acm.org/citation.cfm?id=2746194.2746203},
year = {2015}
}
@inproceedings{Zhong2015a,
author = {Zhong, Chen and Yen, John and Liu, Peng and Erbacher, Rob and Etoty, Renee and Garneau, Christopher},
booktitle = {IEEE International Multi-Disciplinary Conference on Cognitive Methods in Situation Awareness and Decision},
doi = {10.1109/COGSIMA.2015.7108193},
isbn = {978-1-4799-8015-4},
month = mar,
pages = {165--171},
publisher = {IEEE},
shorttitle = {Cognitive Methods in Situation Awareness and Decis},
title = {{ARSCA: A computer tool for tracing the cognitive processes of cyber-attack analysis}},
url = {http://ieeexplore.ieee.org/lpdocs/epic03/wrapper.htm?arnumber=7108193},
year = {2015}
}
@inproceedings{Fisher2012,
address = {New York, NY},
author = {Fisher, Danyel and Popov, Igor and Drucker, Steven and Schraefel, M.c.},
booktitle = {Proceedings of the 2012 ACM annual conference on Human Factors in Computing Systems - CHI '12},
doi = {10.1145/2207676.2208294},
isbn = {9781450310154},
month = {may},
pages = {1673},
publisher = {ACM Press},
title = {{Trust me, i'm partially right: Incremental visualization lets analysts explore large datasets faster}},
url = {http://dl.acm.org/citation.cfm?id=2207676.2208294},
year = {2012}
}
@article{McKenna2014,
author = {McKenna, Sean and Mazur, Dominika and Agutter, James and Meyer, Miriah},
doi = {10.1109/TVCG.2014.2346331},
issn = {1077-2626},
journal = {IEEE Trans. on Visualiz. and Comp. Graphics},
keywords = {Communities,Companies,Computer security,Data visualization,Design,Encoding,Evaluation,Prototypes,Visualization},
number = {12},
pages = {2191--2200},
shorttitle = {Visualization and Computer Graphics, IEEE Transact},
title = {{Design activity framework for visualization design}},
url = {http://ieeexplore.ieee.org/lpdocs/epic03/wrapper.htm?arnumber=6876000},
volume = {20},
year = {2014}
}
@inproceedings{McKenna2015,
author = {McKenna, Sean and Staheli, Diane and Meyer, Miriah},
booktitle = {Proceedings of the Symp. on Visualiz. for Cyber Sec.},
publisher = {IEEE},
title = {{Unlocking user-centered design methods for building cyber security visualizations}},
year = {2015}
}
@inproceedings{Staheli2014,
author = {Staheli, Diane and Yu, Tamara and Crouser, R Jordan and Gwynn, David O and McKenna, Sean and Harrison, Lane},
booktitle = {Proceedings of the Symp. on Visualiz. for Cyber Sec.},
doi = {10.1145/2671491.2671492},
isbn = {9781450328265},
keywords = {Cyber Security,Evaluation,Survey,cyber security,evaluation,information visualization},
pages = {49--56},
title = {{Visualization evaluation for cyber security : Trends and future directions}},
year = {2014}
}
@misc{Kashan2015,
author = {Kashan, Omid},
title = {{information is beautiful: World's Biggest Data Breaches}},
howpublished = {\url{http://informationisbeautiful.net/visualizations/worlds-biggest-data-breaches-hacks/}},
url = {http://informationisbeautiful.net/visualizations/worlds-biggest-data-breaches-hacks/},
urldate = {14/10/15},
year = {2015}
}
@misc{maxmind,
author = {MaxMind},
title = {{GeoLite2 Free Databases}},
howpublished = {\url{http://dev.maxmind.com/geoip/geoip2/geolite2/}},
url = {http://dev.maxmind.com/geoip/geoip2/geolite2/},
urldate = {19/10/15},
year = {2015}
}
@misc{d3dorling,
author = {Bostock, Mike},
title = {{Pseudo-Dorling Cartogram}},
howpublished = {\url{http://bl.ocks.org/mbostock/4055892}},
url = {http://bl.ocks.org/mbostock/4055892},
urldate = {20/10/15},
year = {2015}
}
@article{Lloyd2011,
author = {Lloyd, David and Dykes, Jason},
journal = {IEEE Trans. on Visualiz. and Comp. Graphics},
keywords = {Prototyping},
number = {12},
pages = {2498--2507},
title = {{Human-centered approaches in geovisualization design: Investigating multiple methods through long-term case study}},
volume = {17},
year = {2011}
}
@article{few2010bullet,
title={Bullet graph design specification},
author={Few, Stephen},
journal={Perceptual Edge-White Paper},
year={2010}
}
@inproceedings{Marai2015,
author = {Marai, G. Elisabeta},
doi = {10.2312/eurova.20151097},
publisher = {The Eurographics Association},
title = {{Visual Scaffolding in Integrated Spatial and Nonspatial Analysis}},
url = {https://diglib.eg.org:443/handle/10.2312/eurova.20151097.013-017},
year = {2015}
}
@article{brooke1996sus,
title={SUS-A quick and dirty usability scale},
author={Brooke, John},
journal={Usability evaluation in industry},
volume={189},
number={194},
pages={4--7},
year={1996},
publisher={London}
}
@misc{sauro2011sus,
author = {Sauro, Jeff},
title = {{Measuring Usability with the System Usability Scale}},
howpublished = {\url{http://measuringu.com/sus}},
url = {http://measuringu.com/sus},
urldate = {02/02/11},
year = {2011}
}
@book{Strauss1990,
author = {Strauss, A and Corbin, J},
keywords = {Sociology},
title = {{Basics of Qualitative Research: Grounded Theory Procedures and Techniques}},
year = {1990}
}
@article{howard1998common,
title={A common language for computer security incidents},
author={Howard, John D and Longstaff, Thomas A},
journal={Sandia National Lab.},
year={1998}
}
@book{ogrinz2009mashup,
title={Mashup patterns: Designs and examples for the modern enterprise},
author={Ogrinz, Michael},
year={2009},
publisher={Pearson Education}
}
@inproceedings{Amershi2011,
address = {New York, New York, USA},
author = {Amershi, Saleema and Lee, Bongshin and Kapoor, Ashish and Mahajan, Ratul and Christian, Blaine},
booktitle = {Proceedings of the 2011 annual conference on Human factors in computing systems - CHI '11},
doi = {10.1145/1978942.1978966},
isbn = {9781450302289},
month = {may},
pages = {157},
publisher = {ACM Press},
title = {{CueT: Human-guided fast and accurate network alarm triage}},
url = {http://dl.acm.org/citation.cfm?id=1978942.1978966},
year = {2011}
}
@article{Cao2016,
author = {Cao, Nan and Shi, Conglei and Lin, Sabrina and Lu, Jie and Lin, Yu-Ru and Lin, Ching-Yung},
doi = {10.1109/TVCG.2015.2467196},
issn = {1941-0506},
journal = {IEEE Transactions on Visualization and Computer Graphics},
month = {jan},
number = {1},
pages = {280--9},
pmid = {26529707},
shorttitle = {Visualization and Computer Graphics, IEEE Transact},
title = {{TargetVue: Visual analysis of anomalous user behaviors in online communication systems}},
url = {http://www.ncbi.nlm.nih.gov/pubmed/26529707},
volume = {22},
year = {2016}
}
@article{Zhao2014,
author = {Zhao, Jian and Cao, Nan and Wen, Zhen and Song, Yale and Lin, Yu-Ru and Collins, Christopher},
doi = {10.1109/TVCG.2014.2346922},
issn = {1941-0506},
journal = {IEEE Transactions on Visualization and Computer Graphics},
month = {dec},
number = {12},
pages = {1773--82},
pmid = {26356891},
shorttitle = {Visualization and Computer Graphics, IEEE Transact},
title = {{{\#}FluxFlow: Visual analysis of anomalous information spreading on social media}},
url = {http://www.ncbi.nlm.nih.gov/pubmed/26356891},
volume = {20},
year = {2014}
}


