
@article{Sedlmair2012b,
  author = {Sedlmair, Michael and Meyer, Miriah and Munzner, Tamara},
  title = {{Design study methodology: Reflections from the trenches and the stacks}},
  journal = TVCG,
  volume = {18},
  number = {12},
  pages = {2431--2440},
  year = {2012}
}

@article{DIS2010,
  author = {{DIS} and {ISO}},
  title = {{Ergonomics of human system interaction--Part 210: Human-centred design for interactive systems}},
  journal = ISO,
  year = {2010}
}

@article{Tory2004,
  author = {Tory, Melanie and M\"{o}ller, Torsten},
  title = {{Human factors in visualization research}},
  journal = TVCG,
  volume = {10},
  number = {1},
  pages = {72--84},
  year = {2004}
}

@incollection{Wassink2009,
  author = {Wassink, I and Kulyk, O and van Dijk, B},
  title = {Applying a user-centered approach to interactive visualisation design},
  booktitle = {Trends in Interactive Visualization},
  editor = {Liere, R and Adriaansen, T and Zudilova-Seinstra, E},
  publisher = {Springer},
  address = {London, UK},
  pages = {175--199},
  year = {2009}
}

@inproceedings{Chee2011,
  author = {Koh, Lian Chee and Slingsby, Adrian and Dykes, Jason and Kam, Tin Seong},
  title = {{Developing and applying a user-centered model for the design and implementation of information visualization tools}},
  booktitle = InformVisConf,
  publisher = {IEEE},
  pages = {90--95},
  year = {2011}
}

@article{Moere2011,
  author = {Vande Moere, A. and Purchase, H.},
  title = {{On the role of design in information visualization}},
  journal = InformVis,
  volume = {10},
  number = {4},
  pages = {356--371},
  year = {2011}
}

@book{cairo2012,
  author = {Cairo, Alberto},
  title = {The Functional Art: An Introduction to Information Graphics and Visualization},
  publisher = {New Riders},
  address = {Thousand Oaks, CA},
  year = {2012}
}

@book{Munzner2014,
  author = {Munzner, Tamara},
  title = {{Visualization Analysis and Design}},
  publisher = {CRC Press},
  address = {Boca Raton, FL},
  year = {2014}
}

@book{Shneiderman2004,
  author = {Shneiderman, Ben and Plaisant, Catherine},
  title = {{Designing the User Interface: Strategies for Effective Human-Computer Interaction}},
  publisher = {Addison-Wesley},
  address = {Boston, MA},
  year = {2009}
}

@book{Ware2010,
  author = {Ware, Colin},
  title = {{Visual Thinking: For Design}},
  publisher = {Morgan Kaufmann},
  address = {San Francisco, CA},
  year = {2008}
}

@article{Munzner2009,
  author = {Munzner, Tamara},
  title = {{A nested model for visualization design and validation}},
  journal = TVCG,
  volume = {15},
  number = {6},
  pages = {921--928},
  year = {2009}
}

@inproceedings{Plaisant2004,
  author = {Plaisant, Catherine},
  title = {{The challenge of information visualization evaluation}},
  booktitle = AVI,
  publisher = {ACM},
  pages = {109--116},
  year = {2004}
}

@article{Lam2011a,
  author = {Lam, Heidi and Bertini, Enrico and Isenberg, Petra and Plaisant, Catherine and Carpendale, Sheelagh},
  title = {{Empirical studies in information visualization: Seven scenarios}},
  journal = TVCG,
  volume = {18},
  number = {9},
  pages = {1520--1536},
  year = {2012}
}

@incollection{Carpendale2008a,
  author = {Carpendale, Sheelagh},
  title = {Evaluating Information Visualizations},
  booktitle = {Information Visualization},
  editor = {Kerren, Andreas and Stasko, John T. and Fekete, Jean-Daniel and North, Chris},
  publisher = {Springer},
  address = {Berlin, DEU},
  pages = {19--45},
  year = {2008}
}

@article{Isenberg2013a,
  author = {Isenberg, Tobias and Isenberg, Petra and Chen, Jian and Sedlmair, Michael and Moller, Torsten},
  title = {{A systematic review on the practice of evaluating visualization}},
  journal = TVCG,
  volume = {19},
  number = {12},
  pages = {2818--2827},
  year = {2013}
}

@inproceedings{Shneiderman2006,
  author = {Shneiderman, Ben and Plaisant, Catherine},
  title = {{Strategies for evaluating information visualization tools: Multi-dimensional in-depth long-term case studies}},
  booktitle = AVI-BELIV,
  publisher = {ACM},
  pages = {1--7},
  year = {2006}
}

@article{Lloyd2011,
  author = {Lloyd, David and Dykes, Jason},
  title = {{Human-centered approaches in geovisualization design: Investigating multiple methods through long-term case study}},
  journal = TVCG,
  volume = {17},
  number = {12},
  pages = {2498--2507},
  year = {2011}
}

@article{Meyer,
  author = {Meyer, Miriah and Sedlmair, Michael and Quinan, P Samuel and Munzner, Tamara},
  title = {{The nested blocks and guidelines model}},
  journal = InformVis,
  publisher = {SAGE},
  volume = {14},
  number = {3},
  pages = {234--249},
  year = {2015}
}

@article{Brehmer2014,
  author = {Brehmer, Matthew and Ingram, Stephen and Stray, Jonathan and Munzner, Tamara},
  title = {{Overview: The design, adoption, and analysis of a visual document mining tool for investigative journalists}},
  journal = TVCG,
  volume = {20},
  number = {12},
  pages = {2271--2280},
  year = {2014}
}

@article{McCurdy2015,
  author = {McCurdy, Nina and Lein, Julie and Coles, Katharine and Meyer, Miriah},
  title = {{Poemage: Visualizing the sonic topology of a poem}},
  journal = TVCG,
  volume = {22},
  number = {1},
  pages = {439--448},
  year = {2016}
}

@article{Kerzner2015,
  author = {Kerzner, Ethan and Butler, Lee A and Hansen, Charles and Meyer, Miriah},
  title = {{A shot at visual vulnerability analysis}},
  journal = EuroVis,
  publisher = {Eurographics Assoc.},
  volume = {34},
  number = {3},
  pages = {391--400},
  year = {2015}
}

@article{Quinan2015,
  author = {Quinan, P. and Meyer, Miriah},
  title = {{Visually comparing weather features in forecasts}},
  journal = TVCG,
  volume = {22},
  number = {1},
  pages = {389--398},
  year = {2016}
}

@article{Cleveland1984,
  author = {Cleveland, William S and McGill, Robert},
  title = {{Graphical perception: Theory, experimentation, and application to the development of graphical methods}},
  journal = AmerStatAssoc,
  publisher = {Taylor \& Francis},
  volume = {79},
  number = {387},
  pages = {531--554},
  year = {1984}
}

@article{mckenna2015s,
  author = {McKenna, Sean and Meyer, Miriah and Gregg, Christopher and Gerber, Samuel},
  title = {{s-CorrPlot: An interactive scatterplot for exploring correlation}},
  journal = CompGraphStat,
  publisher = {Taylor \& Francis},
  volume = {25},
  number = {2},
  pages = {445--463},
  year = {2016}
}

@article{McKenna2014,
  author = {McKenna, Sean and Mazur, Dominika and Agutter, James and Meyer, Miriah},
  title = {{Design activity framework for visualization design}},
  journal = TVCG,
  volume = {20},
  number = {12},
  pages = {2191--2200},
  year = {2014}
}

@inproceedings{Staheli2014,
  author = {Staheli, Diane and Yu, Tamara and Crouser, R Jordan and Gwynn, David O and McKenna, Sean and Harrison, Lane},
  title = {{Visualization evaluation for cyber security: Trends and future directions}},
  booktitle = VizSec,
  pages = {49--56},
  year = {2014}
}

@inproceedings{McKenna2015,
  author = {McKenna, Sean and Staheli, Diane and Meyer, Miriah},
  title = {{Unlocking user-centered design methods for building cyber security visualizations}},
  booktitle = VizSec,
  pages = {1--8},
  year = {2015}
}

@article{mckenna2016,
  author = {McKenna, Sean and Staheli, Diane and Fulcher, Cody and Meyer, Miriah},
  title = {{BubbleNet: A cyber security dashboard for visualizing patterns}},
  journal = EuroVis,
  publisher = {Eurographics Assoc.},
  volume = {35},
  number = {3},
  pages = {281--290},
  year = {2016}
}

@article{mckenna2017,
  author = {McKenna, Sean and {Henry Riche}, Nathalie and Lee, Bongshin and Boyd, Jeremy and Meyer, Miriah},
  title = {Visual Narrative Flow: Exploring Factors Shaping Data Visualization Story Reading Experiences},
  journal = EuroVis,
  publisher = {Eurographics Assoc.},
  volume = {(to appear)},
  year = {2017}
}

@article{mckenna2017a,
  author = {McKenna, Sean and Lex, Alexander and Meyer, Miriah},
  title = {Worksheets for Guiding Novices through the Visualization Design Process},
  year = {(to be submitted to \emph{Pedagogy Data Vis., IEEE VIS Workshop}), 2017}
}

@inproceedings{Lowgren1995,
  author = {L\"{o}wgren, Jonas},
  title = {{Applying design methodology to software development}},
  booktitle = DIS,
  publisher = {ACM},
  pages = {87--95},
  year = {1995}
}

@article{Reimer2003,
  author = {Reimer, Yolanda Jacobs and Douglas, Sarah A.},
  title = {{Teaching HCI design with the studio approach}},
  journal = CSE,
  publisher = {Taylor \& Francis},
  volume = {13},
  number = {3},
  pages = {191--205},
  year = {2003}
}

@article{Rushmeier2007,
  author = {Rushmeier, Holly and Dykes, Jason and Dill, John and Yoon, Peter},
  title = {{Revisiting the need for formal education in visualization}},
  journal = CompGraphAppl,
  publisher = {IEEE},
  volume = {27},
  number = {6},
  pages = {12--16},
  year = {2007}
}

@inproceedings{Hearst2016b,
  author = {Hearst, Marti A},
  title = {Active Learning Assignments for Student Acquisition of Design Principles},
  booktitle = VisPedagogy,
  year = {2016}
}

@inproceedings{Rheingans2016,
  author = {Rheingans, Penny},
  title = {Minor Adventures in Flipped Classrooms, Team-based Learning, and other Pedagogical Buzzwords},
  booktitle = VisPedagogy,
  year = {2016}
}

@inproceedings{Domik2016,
  author = {Domik, Gitta},
  title = {A Data Visualization Course at The University of Paderborn},
  booktitle = VisPedagogy,
  year = {2016}
}

@inproceedings{Beyer2016,
  author = {Beyer, Johanna and Strobelt, Hendrik and Oppermann, Michael and Deslauriers, Louis and Pfister, Hanspeter},
  title = {Teaching Visualization for Large and Diverse Classes on Campus and Online},
  booktitle = VisPedagogy,
  year = {2016}
}

@inproceedings{Godwin2016,
  author = {Godwin, Alex},
  title = {Let's Play: Design Games and Other Strategies for Introducing Visualization through Active Learning},
  booktitle = VisPedagogy,
  year = {2016}
}

@incollection{Kerren2008,
  author = {Kerren, Andreas and Stasko, John T. and Dykes, Jason},
  title = {Teaching Information Visualization},
  booktitle = {Information Visualization: Human-Centered Issues and Perspectives},
  editor = {Kerren, Andreas and Stasko, John T. and Fekete, Jean-Daniel and North, Chris},
  publisher = {Springer},
  address = {Berlin, DEU},
  pages = {65--91},
  year = {2008}
}

@inproceedings{Greenberg2009,
  author = {Greenberg, Saul},
  title = {Embedding a design studio course in a conventional computer science program},
  booktitle = {Creativity and {HCI}: From Experience to Design in Education},
  publisher = {Springer},
  pages = {23--41},
  year = {2009}
}

@inproceedings{Cennamo2011,
  author = {Cennamo, Katherine and Douglas, Sarah A. and Vernon, Mitzi and Brandt, Carol and Scott, Brigitte and Reimer, Yolanda and McGrath, Margarita},
  title = {Promoting creativity in the computer science design studio},
  booktitle = SIGCSE,
  publisher = {ACM},
  pages = {649--654},
  year = {2011}
}

@inproceedings{Huron2016,
  author = {Huron, Samuel and Carpendale, Sheelagh and Boy, Jeremy and Fekete, Jean Daniel},
  title = {Using {VisKit}: A Manual for Running a Constructive Visualization Workshop},
  booktitle = VisPedagogy,
  year = {2016}
}

@inproceedings{Zoss2016,
  author = {Zoss, Angela},
  title = {Challenges and Solutions for Short-Form Data Visualization Instruction},
  booktitle = VisPedagogy,
  year = {2016}
}

@inproceedings{Johnson2016,
  author = {Johnson, Andrew},
  title = {Teaching Data Visualization in evl's Cyber-Commons Classroom},
  booktitle = VisPedagogy,
  year = {2016}
}

@inproceedings{Craft2016,
  author = {Craft, Brock and Emerson, Robin-martin and Scott, Taylor Jackson},
  title = {Using Pedagogic Design Patterns for Teaching and Learning Information Visualization},
  booktitle = VisPedagogy,
  year = {2016}
}

@inproceedings{Eggermont2016,
  author = {Eggermont, Marjan and Perin, Charles and Aseniero, Bon and Fallah, Roxane},
  title = {Leveraging Biological Inspiration in an Information Visualization Class},
  booktitle = VisPedagogy,
  year = {2016}
}

@inproceedings{Mustafaraj2016,
  author = {Mustafaraj, Eni},
  title = {Students' Prior Knowledge of Data Visualization},
  booktitle = VisPedagogy,
  year = {2016}
}

@inproceedings{Alper2017,
  author = {Alper, Basak and {Henry Riche}, Nathalie and Chevalier, Fanny and Boy, Jeremy and Sezgin, Metin},
  title = {C'est La Vis: Visualization Literacy at Elementary School},
  booktitle = CHI,
  publisher = {ACM},
  year = {2017}
}

@inproceedings{Willett2016,
  author = {Willett, Wesley and Huron, Samuel},
  title = {A Constructive Classroom Exercise for Teaching InfoVis},
  booktitle = VisPedagogy,
  year = {2016}
}

@inproceedings{Kindlmann2016,
  author = {Kindlmann, Gordon},
  title = {Algebraic Visualization Design for Pedagogy},
  booktitle = VisPedagogy,
  year = {2016}
}

@article{Baker2010,
  author = {Baker, Alex and van der Hoek, Andr\'{e}},
  title = {{Ideas, subjects, and cycles as lenses for understanding the software design process}},
  journal = DesignStudies,
  publisher = {Elsevier},
  volume = {31},
  number = {6},
  pages = {590--613},
  year = {2010}
}

@inproceedings{Cao2010,
  author = {Cao, Jill and Riche, Yann and Wiedenbeck, Susan and Burnett, Margaret and Grigoreanu, Valentina},
  title = {{End-user mashup programming: Through the design lens}},
  booktitle = CHI,
  publisher = {ACM},
  pages = {1009--1018},
  year = {2010}
}

@inproceedings{Onarheim2010,
  author = {Onarheim, Balder and Wiltschnig, Stefan},
  title = {{Opening and constraining: Constraints and their role in creative processes}},
  booktitle = CreatInnovDes,
  publisher = {Desire Network},
  pages = {83--89},
  year = {2010}
}

@article{Savage1998,
  author = {Savage, Justin C.D and Moore, Carolynne J and Miles, John C and Miles, Christopher},
  title = {{The interaction of time and cost constraints on the design process}},
  journal = DesignStudies,
  publisher = {Elsevier},
  volume = {19},
  number = {2},
  pages = {217--233},
  year = {1998}
}

@book{Schon1983,
  author = {Sch\"{o}n, Donald A.},
  title = {{The Reflective Practitioner: How Professionals Think in Action}},
  publisher = {Basic Books},
  address = {New York, NY},
  year = {1983}
}

@article{Tang2010,
  author = {Tang, Antony and Aleti, Aldeida and Burge, Janet and van Vliet, Hans},
  title = {{What makes software design effective?}},
  journal = DesignStudies,
  publisher = {Elsevier},
  volume = {31},
  number = {6},
  pages = {614--640},
  year = {2010}
}

@book{Nelson2003,
  author = {Nelson, Harold G. and Stolterman, Erik},
  title = {{The Design Way: Intentional Change in an Unpredictable World}},
  publisher = {MIT Press},
  address = {Cambridge, MA},
  year = {2012}
}

@book{pugh1991total,
  author = {Pugh, Stuart},
  title = {Total Design: Integrated Methods for Successful Product Engineering},
  publisher = {Addison-Wesley},
  address = {Boston, MA},
  year = {1991}
}

@book{buxton2010sketching,
  author = {Buxton, Bill},
  title = {Sketching User Experiences: Getting the Design Right and the Right Design},
  publisher = {Morgan Kaufmann},
  address = {San Francisco, CA},
  year = {2010}
}

@inproceedings{McCurdy2016,
  author = {McCurdy, N and Dykes, J and Meyer, M},
  title = {{Action design research and visualization design}},
  booktitle = BELIV,
  publisher = {ACM},
  pages = {10--18},
  year = {2016}
}

@inproceedings{Goodall2005,
  author = {Goodall, John R. and Ozok, A. Ant and Lutters, Wayne G. and Rheingans, Penny and Komlodi, Anita},
  title = {{A user-centered approach to visualizing network traffic for intrusion detection}},
  booktitle = CHIAbst,
  publisher = {ACM},
  pages = {1403--1406},
  year = {2005}
}

@inproceedings{Erbacher2012,
  author = {Erbacher, Robert F.},
  title = {{Visualization design for immediate high-level situational assessment}},
  booktitle = VizSec,
  publisher = {ACM},
  pages = {17--24},
  year = {2012}
}

@article{Paul2015,
  author = {Paul, Celeste Lyn and Rohrer, Randall and Nebesh, Bohdan},
  title = {{A "design first" approach to visualization innovation}},
  journal = CompGraphAppl,
  publisher = {IEEE},
  volume = {35},
  number = {1},
  pages = {12--18},
  year = {2015}
}

@article{SWEVocab2010,
  author = {{ISO} and {IEC} and {IEEE}},
  title = {{Systems and software engineering -- Vocabulary}},
  journal = ISO,
  year = {2010}
}

@book{Abran2001,
  author = {Abran, Alain and Bourque, Pierre and Dupuis, Robert and Moore, James W.},
  title = {{Guide to the Software Engineering Body of Knowledge (SWEBOK)}},
  publisher = {IEEE Press},
  address = {Hoboken, NJ},
  year = {2001}
}

@article{Peffers2007,
  author = {Peffers, Ken and Tuunanen, Tuure and Rothenberger, Marcus A. and Chatterjee, Samir},
  title = {{A design science research methodology for information systems research}},
  journal = JMIS,
  publisher = {Taylor \& Francis},
  volume = {24},
  number = {3},
  pages = {45--77},
  year = {2007}
}

@article{AgileManifesto2001,
  author = {Beck, Kent and Beedle, Mike and van Bennekum, Arie and Cockburn, Alistair and Cunningham, Ward and Fowler, Martin and Grenning, James and Highsmith, Jim and Hunt, Andrew and Jeffries, Ron and others},
  title = {Manifesto for Agile Software Development},
  howpublished = {\url{http://agilemanifesto.org/}},
  urldate = {2017-05-18},
  year = {2001}
}

@book{Knapp2016,
  author = {Knapp, Jake and Zeratsky, John and Kowitz, Braden},
  title = {{Sprint: How to Solve Big Problems and Test New Ideas in Just Five Days}},
  publisher = {Simon \& Schuster},
  address = {New York, NY},
  year = {2016}
}

@inproceedings{VonLandesberger2016,
  author = {von Landesberger, Tatiana and Brodkorb, Felix and Schneider, Philipp and Ballweg, Kathrin},
  title = {Tool for Teaching Visualization Techniques: Learning and Homework Assignments for Multivariate Data Visualization},
  booktitle = VisPedagogy,
  year = {2016}
}

@article{Wu2011,
  author = {Wu, Jun-Chieh and Chen, Cheng-Chi and Chen, Hsin-Chia},
  title = {Comparison of designer's design thinking modes in digital and traditional sketches},
  journal = DesignTechEdu,
  volume = {17},
  number = {3},
  pages = {37--48},
  year = {2012}
}

@inproceedings{Atman2009,
  author = {Atman, CJ and Deibel, K and Borgford-Parnell, J},
  title = {The process of engineering design: A comparison of three representations},
  booktitle = EngDes,
  year = {2009}
}

@article{Cardella2008,
  author = {Cardella, ME and Atman, CJ and Turns, J and Adams, RS},
  title = {Students with differing design processes as freshmen: Case studies on change},
  journal = EngEdu,
  volume = {24},
  number = {2},
  pages = {246--259},
  year = {2008}
}

@inproceedings{Rudisill1995,
  author = {Olson, Judith S. and Moran, Thomas P.},
  title = {{Mapping the method muddle: Guidance in using methods for user interface design}},
  booktitle = HCIDesignWorkshop,
  editor = {Rudisill, Marianne and Lewis, Clayton and Polson, Peter G. and McKay, Timothy D.},
  publisher = {Morgan Kaufmann},
  address = {San Francisco, CA},
  pages = {269--300},
  year = {1995}
}

@article{Snider2013,
  author = {Snider, Chris M. and Culley, Steve J. and Dekoninck, Elies A.},
  title = {{Analysing creative behaviour in the later stage design process}},
  journal = DesignStudies,
  publisher = {Elsevier},
  volume = {34},
  number = {5},
  pages = {543--574},
  year = {2013}
}

@article{Wodehouse2010a,
  author = {Wodehouse, Andrew and Ion, William},
  title = {{The integration of information and ideas: Creating linkages through a novel concept design method}},
  journal = InfoMapping,
  volume = {2},
  number = {2},
  pages = {1--7},
  year = {2010}
}

@inproceedings{Maiden2007,
  author = {Maiden, Neil and Ncube, Cornelius and Robertson, Suzanne},
  title = {{Can requirements be creative? Experiences with an enhanced air space management system}},
  booktitle = ConfSWE,
  publisher = {IEEE},
  pages={632--641},
  year = {2007}
}

@article{Howard2008,
  author = {Howard, T.J. and Culley, S.J. and Dekoninck, E.},
  title = {{Describing the creative design process by the integration of engineering design and cognitive psychology literature}},
  journal = DesignStudies,
  publisher = {Elsevier},
  volume = {29},
  number = {2},
  pages = {160--180},
  year = {2008}
}

@inproceedings{Maiden2004b,
  author={Maiden, Neil and Manning, Sharon and Robertson, Suzanne and Greenwood, John},
  title = {{Integrating creativity workshops into structured requirements processes}},
  booktitle = DIS,
  publisher = {ACM},
  pages = {113--122},
  year = {2004}
}

@article{Goodwin2013a,
  author = {Goodwin, S. and Dykes, J. and Jones, S. and Dillingham, I. and Dove, G. and Duffy, A. and Kachkaev, A. and Slingsby, A. and Wood, J.},
  title = {{Creative user-centered visualization design for energy analysts and modelers}},
  journal = TVCG,
  volume = {19},
  number = {12},
  pages = {2516--2525},
  year = {2013}
}

@book{Beyer1997,
  author = {Beyer, Hugh and Holtzblatt, Karen},
  title = {{Contextual Design: Defining Customer-Centered Systems}},
  publisher = {Morgan Kaufmann},
  address = {San Francisco, CA},
  year = {1997}
}

@book{Cairns2008,
  author = {Cairns, Paul and Cox, Anna},
  title = {{Research Methods for Human-Computer Interaction}},
  publisher = {Cambridge University Press},
  address = {New York, NY},
  year = {2008}
}

@book{Lazar2010,
  author = {Lazar, Jonathan and Feng, Jinjuan Heidi and Hochheiser, Harry},
  title = {{Research Methods in Human-Computer Interaction}},
  publisher = {John Wiley \& Sons},
  address = {Hoboken, NJ},
  year = {2010}
}

@book{Brown2009,
  author = {Brown, Tim},
  title = {{Change by Design: How Design Thinking Transforms Organizations and Inspires Innovation}},
  publisher = {Harper Business},
  address = {New York, NY},
  year = {2009}
}

@article{Hevner2008,
  author = {von Alan, R Hevner and March, Salvatore T and Park, Jinsoo and Ram, Sudha},
  title = {Design science in information systems research},
  journal = MIS,
  publisher = {Springer},
  volume = {28},
  number = {1},
  pages = {75--105},
  year = {2004}
}

@article{Hanington2003,
  author = {Hanington, Bruce},
  title = {{Methods in the making: A perspective on the state of human research in design}},
  journal = DesignIssues,
  publisher = {MIT Press},
  volume = {19},
  number = {4},
  pages = {9--18},
  year = {2003}
}

@article{Christiaans2010,
  author = {Christiaans, Henri and Almendra, Rita Assoreira},
  title = {{Accessing decision-making in software design}},
  journal = DesignStudies,
  publisher = {Elsevier},
  volume = {31},
  number = {6},
  pages = {641--662},
  year = {2010}
}

@inproceedings{Jones2008,
  author = {Jones, Sara and Lynch, Perry and Maiden, Neil and Lindstaedt, Stefanie},
  title = {{Use and influence of creative ideas and requirements for a work-integrated learning system}},
  booktitle = ReqEngConf,
  publisher = {IEEE},
  pages = {289--294},
  year = {2008}
}

@inproceedings{Royce1970,
  author = {Royce, Winston W},
  title = {{Managing the development of large software systems: Concepts and techniques}},
  booktitle = ConfSWE,
  publisher = {IEEE},
  pages = {328--338},
  year = {1970},
}

@inproceedings{McLachlan2008,
  author = {McLachlan, Peter and Munzner, Tamara and Koutsofios, Eleftherios and North, Stephen},
  title = {{LiveRAC}: Interactive Visual Exploration of System Management Time-Series Data},
  booktitle = CHI,
  publisher = {ACM},
  pages = {1483--1492},
  year = {2008}
}

@inproceedings{Fallman2003a,
  author = {Fallman, Daniel},
  title = {{Design-oriented human-computer interaction}},
  booktitle = CHI,
  publisher = {ACM},
  pages = {225--232},
  year = {2003}
}

@inproceedings{Hartmann2006a,
  author = {Hartmann, Bj\"{o}rn and Klemmer, Scott R. and Bernstein, Michael and Abdulla, Leith and Burr, Brandon and Robinson-Mosher, Avi and Gee, Jennifer},
  title = {{Reflective physical prototyping through integrated design, test, and analysis}},
  booktitle = UIST,
  publisher = {ACM},
  pages = {299--308},
  year = {2006}
}

@book{Lidwell2010,
  author = {Lidwell, W and Holden, K},
  title = {{Universal Principles of Design}},
  publisher = {Rockport},
  address = {Beverly, MA},
  year = {2010}
}

@inproceedings{Vredenburg2002,
  author = {Vredenburg, Karel and Mao, Ji-Ye and Smith, Paul W. and Carey, Tom},
  title = {{A survey of user-centered design practice}},
  booktitle = CHI,
  publisher = {ACM},
  pages = {471--478},
  year = {2002}
}

@book{Kumar2012,
  author = {Kumar, Vijay},
  title = {{101 Design Methods: A Structured Approach for Driving Innovation in Your Organization}},
  publisher = {John Wiley \& Sons},
  address = {Hoboken, NJ},
  year = {2012}
}

@article{Teal2010,
  author = {Teal, Randall},
  title = {{Developing a (non-linear) practice of design thinking}},
  journal = ArtDesignEdu,
  volume = {29},
  number = {3},
  pages = {294--302},
  year = {2010}
}

@article{Gandra2013a,
  author = {da Gandra, Maria and Hea, Ma Pgce and van Neck, Maaike and Hea, Ma},
  title = {(In)forming the Information Design Student},
  journal = InfoMapping,
  volume = {5},
  number = {3},
  pages = {1--7},
  year = {2013}
}

@article{Walz1993,
  author = {Walz, Diane B. and Elam, Joyce J. and Curtis, Bill},
  title = {{Inside a software design team: knowledge acquisition, sharing, and integration}},
  journal = CommACM,
  volume = {36},
  number = {10},
  pages = {63--77},
  year = {1993}
}

@inproceedings{Bohoj2010,
  author = {Boh{\o}j, Morten and Borchorst, Nikolaj Gandrup and Bouvin, Niels Olof and B{\o}dker, Susanne and Zander, P\"{a}r-Ola},
  title = {{Timeline collaboration}},
  booktitle = CHI,
  publisher = {ACM},
  pages = {523--532},
  year = {2010}
}

@inproceedings{Wolf2006,
  author = {Wolf, Tracee Vetting and Rode, Jennifer A. and Sussman, Jeremy and Kellogg, Wendy A.},
  title = {{Dispelling ``design'' as the black art of CHI}},
  booktitle = CHI,
  publisher = {ACM},
  pages = {521--530},
  year = {2006}
}

@inproceedings{DAmico2008,
  author = {D'Amico, A and Whitley, K},
  title = {The real work of computer network defense analysts},
  booktitle = VizSecWorkshop,
  publisher = {Springer},
  pages = {19--37},
  year = {2008}
}

@article{Erbacher2010a,
  author = {Erbacher, Robert F and Frincke, Deborah A and {Chung Wong}, Pak and Moody, Sarah and Fink, Glenn},
  title = {{A multi-phase network situational awareness cognitive task analysis}},
  journal = InformVis,
  publisher = {SAGE},
  volume = {9},
  number = {3},
  pages = {204--219},
  year = {2010}
}

@inproceedings{Fink2009,
  author = {Fink, Glenn A. and North, Christopher L. and Endert, Alexander and Rose, Stuart J.},
  title = {{Visualizing cyber security: Usable workspaces}},
  booktitle = VizSecWorkshop,
  publisher = {IEEE},
  pages = {45--56},
  year = {2009}
}

@book{Strauss1990,
  author = {Strauss, Anselm and Corbin, Juliet},
  title = {{Basics of Qualitative Research: Grounded Theory Procedures and Techniques}},
  publisher={SAGE},
  address = {Thousand Oaks, CA},
  year = {1990}
}

@article{Sedlmair2014,
  author = {Sedlmair, Michael and Heinzl, Christoph and Bruckner, Stefan and Piringer, Harald and M\"{o}ller, Torsten},
  title = {{Visual parameter space analysis: A conceptual framework}},
  journal = TVCG,
  volume = {20},
  number = {12},
  pages = {2161--2170},
  year = {2014}
}

@book{Tufte1986,
  author = {Tufte, Edward R.},
  title = {The Visual Display of Quantitative Information},
  publisher = {Graphics Press},
  address = {Cheshire, CT},
  year = {1986}
}

@article{Roberts2015,
  author = {Roberts, Jonathan C and Headleand, Chris and Ritsos, Panagiotis D},
  title = {{Sketching designs using the five design-sheet methodology}},
  journal = TVCG,
  volume = {22},
  number = {1},
  pages = {419--428},
  year = {2016}
}

@article{He2017,
  author = {He, Shiqing and Adar, Eytan},
  title = {{VizItCards}: A card-based toolkit for infovis design education},
  journal = TVCG,
  volume = {23},
  number = {1},
  pages = {561--570},
  year = {2017}
}

@misc{Bertini2017,
  author = {Bertini, Enrico},
  title = {Teaching | {Information} {Visualization}},
  howpublished = {\url{http://enrico.bertini.io/teaching/}},
  urldate = {2017-01-19},
  year = {2017}
}

@misc{Kashan2015,
  author = {Kashan, Omid},
  title = {Information is Beautiful: World's Biggest Data Breaches},
  howpublished = {\\ \url{http://informationisbeautiful.net/visualizations/worlds-biggest-data-breaches-hacks/}},
  urldate = {2015-10-14},
  year = {2015}
}

@inproceedings{Best2014,
  address = {New York, NY},
  author = {Best, Daniel M. and Endert, Alex and Kidwell, Daniel},
  title = {7 key challenges for visualization in cyber network defense},
  booktitle = VizSec,
  publisher = {ACM},
  pages = {33--40},
  year = {2014}
}

@article{Wood2014,
  author = {Wood, Jo and Beecham, Roger and Dykes, Jason},
  title = {{Moving beyond sequential design: Reflections on a rich multi-channel approach to data visualization}},
  journal = TVCG,
  volume = {20},
  number = {12},
  pages = {2171--2180},
  year = {2014}
}

@inproceedings{Erbacher2010,
  author = {Erbacher, Robert F. and Frincke, Deborah A. and Wong, Pak Chung and Moody, Sarah and Fink, Glenn},
  title = {{Cognitive task analysis of network analysts and managers for network situational awareness}},
  booktitle = SpieVDA,
  publisher = {SPIE},
  volume = {7530},
  year = {2010}
}

@inproceedings{Hao2013a,
  author = {Hao, Lihua and Healey, Christopher G. and Hutchinson, Steve E.},
  title = {{Flexible web visualization for alert-based network security analytics}},
  booktitle = VizSec,
  publisher = {ACM},
  pages = {33--40},
  year = {2013}
}

@inproceedings{Watson2005,
  author = {Ren, Pin and Gao, Yan and Li, Zhichun and Chen, Yan and Watson, B.},
  title = {{IDGraphs: Intrusion detection and analysis using histographs}},
  booktitle = VizSecWorkshop,
  publisher = {IEEE},
  pages = {39--46},
  year = {2005}
}

@inproceedings{Lakkaraju2004,
  author = {Lakkaraju, Kiran and Yurcik, William and Lee, Adam J.},
  title = {{NVisionIP: Netflow visualizations of system state for security situational awareness}},
  booktitle = VizSecWorkshop2,
  publisher = {ACM},
  pages = {65--72},
  year = {2004}
}

@inproceedings{Koike2005,
  author = {Koike, Hideki and Ohno, Kazuhiro and Koizumi, Kanba},
  title = {{Visualizing cyber attacks using IP matrix}},
  booktitle = VizSecWorkshop,
  publisher = {IEEE},
  pages = {91--98},
  year = {2005}
}

@inproceedings{Landstorfer2014,
  author = {Landstorfer, J and Herrmann, I and Stange, J E and D\"{o}rk, M and Wettach, R},
  title = {{Weaving a carpet from log entries: A network security visualization built with co-creation}},
  booktitle = VAST,
  publisher = {IEEE},
  pages = {73--82},
  year = {2014}
}

@inproceedings{Komlodi2005,
  author = {Komlodi, Anita and Rheingans, Penny and Ayachit, Utkarsha and Goodall, John R. and Joshi, Amit},
  title = {{A user-centered look at glyph-based security visualization}},
  booktitle = VizSecWorkshop,
  publisher = {IEEE},
  pages = {21--28},
  year = {2005}
}

@inproceedings{Erbacher2005,
  author = {Erbacher, R.F. and Christensen, K. and Sundberg, A.},
  title = {{Designing visualization capabilities for IDS challenges}},
  booktitle = VizSecWorkshop,
  publisher = {IEEE},
  pages = {121--127},
  year = {2005}
}

@inproceedings{Yin2004,
  author = {Yin, Xiaoxin and Yurcik, William and Treaster, Michael and Li, Yifan and Lakkaraju, Kiran},
  title = {{VisFlowConnect: Netflow visualizations of link relationships for security situational awareness}},
  booktitle = VizSecWorkshop2,
  publisher = {ACM},
  pages = {26--34},
  year = {2004}
}

@article{Choi2009,
  author = {Choi, Hyunsang and Lee, Heejo and Kim, Hyogon},
  title = {{Fast detection and visualization of network attacks on parallel coordinates}},
  journal = CompSec,
  publisher = {Elsevier},
  volume = {28},
  number = {5},
  pages = {276--288},
  year = {2009}
}

@inproceedings{Goodall2009,
  author = {Goodall, John R. and Sowul, Mark},
  title = {{VIAssist: Visual analytics for cyber defense}},
  booktitle = TechHomeSec,
  publisher = {IEEE},
  pages = {143--150},
  year = {2009}
}

@article{Foresti2006,
  author = {Foresti, S. and Agutter, J. and Livnat, Y. and Moon, S. and Erbacher, R.},
  title = {{Visual correlation of network alerts}},
  journal = CompGraphAppl,
  publisher = {IEEE},
  volume = {26},
  number = {2},
  pages = {48--59},
  year = {2006}
}

@inproceedings{Taylor2009,
  author = {Taylor, Teryl and Paterson, Diana and Glanfield, Joel and Gates, Carrie and Brooks, Stephen and McHugh, John},
  title = {{FloVis: Flow visualization system}},
  booktitle = CATCH,
  publisher = {IEEE},
  pages = {186--198},
  year = {2009}
}

@conference{Paul2013,
  author = {Paul, CL and Rohrer, R and Sponaugle, P and Huston, J and Nebesh, B},
  title = {{CyberSAVI: A cyber situation awareness visual interface for mission-level network situation awareness}},
  booktitle = VizSec,
  year = {2013}
}

@inproceedings{Fowlwer2014,
  author = {Fowler, Joseph J. and Johnson, Thienne and Simonetto, Paolo and Schneider, Michael and Acedo, Carlos and Kobourov, Stephen and Lazos, Loukas},
  title = {{IMap: Visualizing network activity over Internet maps}},
  booktitle = VizSec,
  publisher = {ACM},
  pages = {80--87},
  year = {2014}
}

@inproceedings{Fischer2014,
  author = {Fischer, Fabian and Keim, Daniel A.},
  title = {{NStreamAware: Real-time visual analytics for data streams to enhance situational awareness}},
  booktitle = VizSec,
  publisher = {ACM},
  pages = {65--72},
  year = {2014}
}

@inproceedings{Musa2008,
  author = {Musa, Shahrulniza and Parish, David J.},
  title = {Using time series {3D} {AlertGraph} and false alert classification to analyse snort alerts},
  booktitle = VizSecWorkshop,
  publisher = {Springer},
  pages = {169--180},
  year = {2008}
}

@inproceedings{Fink2005,
  author = {Fink, G.A. and Muessig, P. and North, C.},
  title = {{Visual correlation of host processes and network traffic}},
  booktitle = VizSecWorkshop,
  publisher = {IEEE},
  pages = {11--19},
  year = {2005}
}

@inproceedings{Blue2008,
  author = {Blue, Ryan and Dunne, Cody and Fuchs, Adam and King, Kyle and Schulman, Aaron},
  title = {{Visualizing real-time network resource usage}},
  booktitle = VizSecWorkshop,
  publisher = {Springer},
  pages = {119--135},
  year = {2008}
}

@article{brooke1996sus,
  author = {Brooke, John},
  title = {{SUS} --- A quick and dirty usability scale},
  journal = {{Usability Evaluation in Industry}},
  publisher = {CRC Press},
  volume = {189},
  number = {194},
  pages = {4--7},
  year = {1996}
}

@inproceedings{Leschke2013,
  author = {Leschke, Timothy R. and Nicholas, Charles},
  title = {{Change-link 2.0: A digital forensic tool for visualizing changes to shadow volume data}},
  booktitle = VizSec,
  publisher = {ACM},
  pages = {17--24},
  year = {2013}
}

@inproceedings{Rasmussen2010,
  author = {Rasmussen, Jamie and Ehrlich, Kate and Ross, Steven and Kirk, Susanna and Gruen, Daniel and Patterson, John},
  title = {{Nimble cybersecurity incident management through visualization and defensible recommendations}},
  booktitle = VizSec,
  publisher = {ACM},
  pages = {102--113},
  year = {2010}
}

@techreport{howard1998common,
  author = {Howard, John D and Longstaff, Thomas A},
  title = {A common language for computer security incidents},
  institution = {Sandia National Labs},
  year = {1998}
}

@article{Zhao2014,
  author = {Zhao, Jian and Cao, Nan and Wen, Zhen and Song, Yale and Lin, Yu-Ru and Collins, Christopher},
  title = {{{\#}FluxFlow: Visual analysis of anomalous information spreading on social media}},
  journal = TVCG,
  volume = {20},
  number = {12},
  pages = {1773--1782},
  year = {2014}
}

@article{Cao2016,
  author = {Cao, Nan and Shi, Conglei and Lin, Sabrina and Lu, Jie and Lin, Yu-Ru and Lin, Ching-Yung},
  title = {{TargetVue: Visual analysis of anomalous user behaviors in online communication systems}},
  journal = TVCG,
  volume = {22},
  number = {1},
  pages = {280--289},
  year = {2016}
}

@misc{maxmind,
  author = {MaxMind},
  title = {{GeoLite2} Free Databases},
  howpublished = {\url{http://dev.maxmind.com/geoip/geoip2/geolite2/}},
  urldate = {2015-10-19},
  year = {2015}
}

@inproceedings{Yu2010,
  author = {Yu, Tamara and Lippmann, Richard and Riordan, James and Boyer, Stephen},
  title = {{EMBER: A global perspective on extreme malicious behavior}},
  booktitle = VizSec,
  publisher = {ACM},
  pages = {1--12},
  year = {2010}
}

@article{Wood2008a,
  author = {Wood, Jo and Dykes, Jason},
  title = {{Spatially ordered treemaps}},
  journal = TVCG,
  volume = {14},
  number = {6},
  pages = {1348--1355},
  year = {2008}
}

@inproceedings{Pruitt2003,
  author = {Pruitt, John and Grudin, Jonathan},
  title = {{Personas: Practice and theory}},
  booktitle = DUX,
  publisher = {ACM},
  pages = {1--15},
  year = {2003}
}

@inproceedings{Faily2011,
  author = {Faily, Shamal and Flechais, Ivan},
  title = {{Persona cases: A technique for grounding personas}},
  booktitle = CHI,
  publisher = {ACM},
  pages = {2267--2270},
  year = {2011}
}

@inproceedings{Chang2008,
  author = {Chang, Yen-Ning and Lim, Youn-kyung and Stolterman, Erik},
  title = {{Personas: From theory to practices}},
  booktitle = NordiCHI,
  publisher = {ACM},
  pages = {439--442},
  year = {2008}
}

@inproceedings{McGinn2008,
  author = {McGinn, Jen and Kotamraju, Nalini},
  title = {{Data-driven persona development}},
  booktitle = CHI,
  publisher = {ACM},
  pages = {1521--1524},
  year = {2008}
}

@book{Martin2012,
  author = {Martin, Bella and Hanington, Bruce M},
  title = {{Universal Methods of Design: 100 Ways to Research Complex Problems, Develop Innovative Ideas, and Design Effective Solutions}},
  publisher = {Rockport},
  address = {Beverly, MA},
  year = {2012}
}

@inproceedings{Stoll2008a,
  author = {Stoll, J and McColgin, D and Gregory, M and Crow, V and Edwards, W K},
  title = {Adapting personas for use in security visualization design},
  booktitle = VizSecWorkshop,
  publisher = {Springer},
  pages = {39--52},
  year = {2007}
}

@inproceedings{Paul2013a,
  author = {Paul, Celeste Lyn and Whitley, Kirsten},
  title = {A taxonomy of cyber awareness questions for the user-centered design of cyber situation awareness},
  booktitle = HumanInfoSec,
  publisher = {Springer},
  pages = {145--154},
  year = {2013}
}

@misc{d3dorling,
  author = {Bostock, Mike},
  title = {{Pseudo-Dorling} Cartogram},
  howpublished = {\url{http://bl.ocks.org/mbostock/4055892}},
  urldate = {2015-10-20},
  year = {2015}
}

@book{Dodge2011,
  author = {Dorling, Daniel},
  title = {{Area Cartograms: Their Use and Creation}},
  series = {Concepts and Techn. in Modern Geography},
  publisher = {Environmental Publications},
  address = {London, UK},
  year = {1996}
}

@techreport{few2010bullet,
  author = {Few, Stephen},
  title = {Bullet graph design specification},
  institution = {Perceptual Edge},
  year = {2010}
}

@article{Bargo2014,
  author = {Bargo, Rita and Dearden, Joel and Jones, Mark W.},
  title = {{Order of magnitude markers: An empirical study on large magnitude number detection}},
  journal = TVCG,
  volume = {20},
  number = {12},
  pages = {2261--2270},
  year = {2014}
}

@misc{sauro2011sus,
  author = {Sauro, Jeff},
  title = {Measuring Usability with the {System Usability Scale}},
  howpublished = {\url{http://measuringu.com/sus}},
  urldate = {2015-02-02},
  year = {2011}
}

@book{ogrinz2009mashup,
  author = {Ogrinz, Michael},
  title = {Mashup Patterns: Designs and Examples for the Modern Enterprise},
  publisher = {Addison-Wesley},
  address = {Boston, MA},
  year = {2009}
}

@inproceedings{Marai2015,
  author = {Marai, G. Elisabeta},
  title = {Visual Scaffolding in Integrated Spatial and Nonspatial Analysis},
  booktitle = EuroVA,
  publisher = {The Eurographics Assoc.},
  year = {2015}
}

@inproceedings{Bertini2015,
  author = {Simon, Svenja and Mittelst{\"{a}}dt, Sebastian and Keim, Daniel A. and Sedlmair, Michael},
  title = {Bridging the gap of domain and visualization experts with a Liaison},
  booktitle = EuroVisConf,
  publisher = {The Eurographics Assoc.},
  year = {2015}
}

@article{seo2002interactively,
  author = {Seo, Jinwook and Shneiderman, Ben},
  title = {Interactively exploring hierarchical clustering results [gene identification]},
  journal = Computer,
  publisher = {IEEE},
  volume = {35},
  number = {7},
  pages = {80--86},
  year = {2002}
}

@article{langfelder2008wgcna,
  author = {Langfelder, Peter and Horvath, Steve},
  title = {{WGCNA}: An {R} package for weighted correlation network analysis},
  journal = {Bioinformatics},
  publisher = {BioMed Central},
  volume = {9},
  number = {1},
  pages = {559--571},
  year = {2008}
}

@article{oldham2008functional,
  author = {Oldham, Michael C and Konopka, Genevieve and Iwamoto, Kazuya and Langfelder, Peter and Kato, Tadafumi and Horvath, Steve and Geschwind, Daniel H},
  title = {Functional organization of the transcriptome in human brain},
  journal = {Nature Neuroscience},
  publisher = {Nature Publishing Group},
  volume = {11},
  number = {11},
  pages = {1271--1282},
  year = {2008}
}

@article{winden2009organization,
  author = {Winden, Kellen D and Oldham, Michael C and Mirnics, Karoly and Ebert, Philip J and Swan, Christo H and Levitt, Pat and Rubenstein, John L and Horvath, Steve and Geschwind, Daniel H},
  title = {The organization of the transcriptional network in specific neuronal classes},
  journal = MolSysBio,
  publisher = {EMBO Press},
  volume = {5},
  number = {1},
  pages = {291--308},
  year = {2009}
}

@article{Satyanarayan2014,
  author = {Satyanarayan, Arvind and Heer, Jeffrey},
  title = {{Authoring narrative visualizations with Ellipsis}},
  journal = EuroVis,
  volume = {33},
  number = {3},
  pages = {361--370},
  year = {2014}
}

@article{Kirby2013,
  author = {Kirby, Robert M. and Meyer, Miriah},
  title = {Visualization Collaborations: What Works and Why},
  journal = CompGraphAppl,
  publisher = {IEEE},
  volume = {33},
  number = {6},
  pages = {82--88},
  year = {2013},
}

@book{DaGandra2012,
  author = {da Gandra, Maria and van Neck, Maaike and others},
  title = {{InformForm, Information Design: In Theory, an Informed Practice}},
  publisher = {Mwm Creative},
  address = {London, UK},
  year = {2012}
}

@article{Buchanan1992,
  author = {Buchanan, Richard},
  title = {{Wicked problems in design thinking}},
  journal = DesignIssues,
  volume = {8},
  number = {2},
  pages = {5--21},
  year = {1992}
}

@article{Farrell2013,
  author = {Farrell, Robert and Hooker, Cliff},
  title = {{Design, science and wicked problems}},
  journal = DesignStudies,
  publisher = {Elsevier},
  volume = {34},
  number = {6},
  pages = {681--705},
  year = {2013}
}

@inproceedings{Gaver2012,
  author = {Gaver, William},
  title = {{What should we expect from research through design?}},
  booktitle = CHI,
  publisher = {ACM},
  pages = {937--946},
  year = {2012}
}

@inproceedings{Beaudouin-Lafon2004,
  author = {Beaudouin-Lafon, Michel},
  title = {{Designing interaction, not interfaces}},
  booktitle = AVI,
  publisher = {ACM},
  pages = {15--22},
  year = {2004}
}

@article{Ferstay2013,
  author = {Ferstay, Joel A and Nielsen, Cydney B and Munzner, Tamara},
  title = {{Variant View: Visualizing sequence variants in their gene context}},
  journal = TVCG,
  volume = {19},
  number = {12},
  pages = {2546--2555},
  year = {2013}
}

@article{Obrenovic2011,
  author = {Obrenovi{\'{c}}, {\v{Z}}eljko},
  title = {Design-based research: What we learn when we engage in design of interactive systems},
  journal = {Interactions},
  publisher = {ACM},
  volume = {18},
  number = {5},
  pages = {56--59},
  year = {2011}
}

@incollection{Munzner2008,
  author = {Munzner, Tamara},
  title = {Process and pitfalls in writing information visualization research papers},
  booktitle = {Information Visualization},
  editor = {Kerren, Andreas and Stasko, John T. and Fekete, Jean-Daniel and North, Chris},
  publisher = {Springer},
  address = {Berlin, DEU},
  pages = {134--153},
  year = {2008}
}

@article{Wobbrock2012,
  author = {Wobbrock, Jacob O. and Kientz, Julie A.},
  title = {Research Contributions in Human-computer Interaction},
  journal = {Interactions},
  publisher = {ACM},
  volume = {23},
  number = {3},
  pages = {38--44},
  year = {2016}
}

@article{wilkinson2009history,
  author = {Wilkinson, Leland and Friendly, Michael},
  title = {The history of the cluster heat map},
  journal = AmerStat,
  publisher = {Taylor \& Francis},
  volume = {63},
  number = {2},
  pages = {179--184},
  year = {2009}
}

@book{Albers06Interaction,
  author = {Albers, J.},
  title = {Interaction of Color},
  publisher = {Yale University Press},
  address = {New Haven, CT},
  year = {2006}
}

@article{Wong10Color,
  author = {Wong, Bang},
  title = {Points of view: Color coding},
  journal = NatMethods,
  volume = {7},
  number = {8},
  pages = {573--573},
  year = {2010}
}

@book{dempster1969elements,
  author = {Dempster, Arthur Pentland},
  title = {{Elements of Continuous Multivariate Analysis}},
  publisher = {Addison-Wesley},
  address = {Boston, MA},
  year = {1969}
}

@article{rodgers1984linearly,
  author = {Rodgers, Joseph Lee and Nicewander, W Alan and Toothaker, Larry},
  title = {Linearly independent, orthogonal, and uncorrelated variables},
  journal = AmerStat,
  publisher = {Taylor \& Francis},
  volume = {38},
  number = {2},
  pages = {133--134},
  year = {1984}
}

@article{corsten:biometrics76,
  author = {Corsten, L.C.A. and Gabriel, K.R.},
  title = {Graphical exploration in comparing variance matrices},
  journal = {Biometrics},
  volume = {32}, 
  number = {4},
  pages = {851--863},
  year = {1976}
}

@article{trosset:jcgs05,
  author = {Trosset, Michael W},
  title = {Visualizing Correlation},
  journal = CompGraphStat,
  publisher = {Taylor \& Francis},
  volume = {14},
  number = {1},
  pages = {1--19},
  year = {2005}
}

@article{falissard:jcgs99,
  author = {Falissard, Bruno},
  title = {Focused Principal Component Analysis: Looking at a Correlation Matrix with a Particular Interest in a Given Variable},
  journal = CompGraphStat,
  publisher = {Taylor \& Francis},
  volume = {8},
  number = {4},
  pages = {906--912},
  year = {1999}
}

@article{swayne1998xgobi,
  author = {Swayne, Deborah F and Cook, Dianne and Buja, Andreas},
  title = {{XGobi}: Interactive dynamic data visualization in the {X Window System}},
  journal = CompGraphStat,
  publisher = {Taylor \& Francis},
  volume = {7},
  number = {1},
  pages = {113--130},
  year = {1998}
}

@article{swayne2003ggobi,
  author = {Swayne, Deborah F and Lang, Duncan Temple and Buja, Andreas and Cook, Dianne},
  title = {{GGobi}: Evolving from {XGobi} into an extensible framework for interactive data visualization},
  journal = CompStat,
  publisher = {Elsevier},
  volume = {43},
  number = {4},
  pages = {423--444},
  year = {2003}
}

@article{Elmqvist08Rolling,
  author = {Elmqvist, Niklas and Dragicevic, Pierre and Fekete, Jean-Daniel},
  title = {Rolling the Dice: Multidimensional Visual Exploration using Scatterplot Matrix Navigation},
  journal = TVCG,
  volume = {14},
  number = {6},
  pages = {1141--1148},
  year = {2008}
}

@article{huber1985projection,
  author = {Huber, Peter J},
  title = {Projection pursuit},
  journal = AnnalStat,
  volume = {13},
  number = {2},
  pages = {435--475},
  year = {1985}
}

@article{Friedman87Exploratory,
  author = {Friedman, Jerome H.},
  title = {Exploratory Projection Pursuit},
  journal = AmerStatAssoc,
  publisher = {Taylor \& Francis},
  volume = {82},
  number = {397},
  pages = {249--266},
  year = {1987}
}

@article{Asimov85Grand,
  author = {Asimov, Daniel},
  title = {The grand tour: A tool for viewing multidimensional data},
  journal = StatComp,
  publisher = {Society for Industrial and Applied Mathematics (SIAM)},
  volume = {6},
  number = {1},
  pages = {128--143},
  year = {1985}
}

@article{cook1995grand,
  author = {Cook, Dianne and Buja, Andreas and Cabrera, Javier and Hurley, Catherine},
  title = {Grand tour and projection pursuit},
  journal = CompGraphStat,
  publisher={Taylor \& Francis},
  volume = {4},
  number = {3},
  pages = {155--172},
  year = {1995}
}

@book{ullman:visualMotion,
  author = {Ullman, Shimon},
  title = {{The Interpretation of Visual Motion}},
  publisher = {MIT Press},
  address = {Cambridge, MA},
  year = {1979}
}

@inproceedings{Hutchinson2003a,
  author = {Hutchinson, Hilary and Mackay, Wendy and Westerlund, Bo and Bederson, Benjamin B. and Druin, Allison and Plaisant, Catherine and Beaudouin-Lafon, Michel and Conversy, St{\'e}phane and Evans, Helen and Hansen, Heiko and Roussel, Nicolas and Eiderb\"{a}ck, Bj\"{o}rn},
  title = {Technology probes: Inspiring design for and with families},
  booktitle = CHI,
  publisher = {ACM},
  pages = {17--24},
  year = {2003}
}

@article{Segel2010,
  author = {Segel, Edward and Heer, Jeffrey},
  title = {Narrative visualization: Telling stories with data},
  journal = TVCG,
  volume = {16},
  number = {6},
  pages = {1139--1148},
  year = {2010}
}

@techreport{Stolper2016,
  author = {Stolper, Charles D. and Lee, Bongshin and {Henry Riche}, Nathalie and Stasko, John},
  title = {Emerging and Recurring Data-Driven Storytelling Techniques: Analysis of a Curated Collection of Recent Stories},
  institution = {Microsoft Research},
  number = {MSR-TR-2016-14},
  year = {2016}
}

@inproceedings{Amini2015,
  author = {Amini, Fereshteh and {Henry Riche}, Nathalie and Lee, Bongshin and Hurter, Christophe and Irani, Pourang},
  title = {Understanding data videos: Looking at narrative visualization through the cinematography lens},
  booktitle = CHI,
  publisher = {ACM},
  pages = {1459--1468},
  year = {2015}
}

@article{Amini2016,
  author = {Amini, Fereshteh and {Henry Riche}, Nathalie and Lee, Bongshin and Monroy-Hernandez, Andres and Irani, Pourang},
  title = {Authoring Data-Driven Videos with {DataClips}},
  journal = TVCG,
  volume = {23},
  number = {1},
  pages = {501--510},
  year = {2017}
}

@inproceedings{bach2016telling,
  author = {Bach, Benjamin and Kerracher, Natalie and Hall, Kyle Wm and Carpendale, Sheelagh and Kennedy, Jessie and {Henry Riche}, Nathalie},
  title = {Telling Stories about Dynamic Networks with Graph Comics},
  booktitle = CHI,
  publisher = {ACM},
  pages = {3670--3682},
  year = {2016},
}

@misc{nyt,
  author = {Tse, Archie},
  title = {Why We Are Doing Fewer Interactives},
  howpublished = {\url{https://github.com/archietse/malofiej-2016/blob/master/tse-malofiej-2016-slides.pdf}},
  urldate = {2016-11-28},
  year = {2016}
}

@misc{ml,
  author = {Yee, Stephanie and Chu, Tony},
  title = {A Visual Introduction to Machine Learning},
  howpublished = {\url{http://www.r2d3.us/visual-intro-to-machine-learning-part-1/}},
  urldate = {2016-11-28},
  year = {2015}
}

@misc{guardian,
  author = {Gardiner, Becky and Mansfield, Mahana and Anderson, Ian and Holder, Josh and Louter, Daan and Ulmanu, Monica},
  title = {The dark side of {Guardian} comments},
  howpublished = {\url{https://www.theguardian.com/technology/2016/apr/12/the-dark-side-of-guardian-comments}},
  urldate = {2016-11-28},
  year = {2016}
}

@misc{wsj,
  author = {WSJ.Custom Studios},
  title = {Setting the Pace: The {Fed} Acts, Markets Move},
  howpublished = {\url{http://www.wsj.com/ad/pimco-rateandreaction.html}},
  urldate = {2016-11-28},
  year = {2016}
}

@article{OBrien2010,
  author = {O'Brien, Heather L. and Toms, Elaine G.},
  title = {The development and evaluation of a survey to measure user engagement},
  journal = InfSciTech,
  publisher = {John Wiley \& Sons},
  volume = {61},
  number = {1},
  pages = {50--69},
  year = {2010}
}

@manual{rlang,
  author = {{R Development Core Team}},
  title = {{R: A Language and Environment for Statistical Computing}},
  organization = {R Foundation for Statistical Computing},
  address = {Vienna, AUT},
  year = {2008}
}

@article{lme4,
  author = {Bates, Douglas and M{\"a}chler, Martin and Bolker, Ben and Walker, Steve},
  title = {Fitting Linear Mixed-Effects Models Using {lme4}},
  journal = StatSoft,
  volume = {67},
  number = {1},
  pages = {1--48},
  year = {2015}
}

@article{Bauer2011,
  author = {Bauer, Daniel J. and Sterba, Sonya K.},
  title = {Fitting multilevel models with ordinal outcomes: Performance of alternative specifications and methods of estimation},
  journal = {Psychological Methods},
  publisher = {American Psychological Association},
  volume = {16},
  number = {4},
  pages = {373--390},
  year = {2011}
}

@inproceedings{Hearst2016,
  author = {Hearst, Marti A. and Laskowski, Paul and Silva, Luis},
  title = {Evaluating information visualization via the interplay of heuristic evaluation and question-based scoring},
  booktitle = CHI,
  publisher = {ACM},
  pages = {5028--5033},
  year = {2016}
}

@inproceedings{Amershi2011,
  author = {Amershi, Saleema and Lee, Bongshin and Kapoor, Ashish and Mahajan, Ratul and Christian, Blaine},
  title = {{CueT}: Human-guided fast and accurate network alarm triage},
  booktitle = CHI,
  publisher = {ACM},
  pages = {157--166},
  year = {2011}
}

@misc{nyt2,
  author = {Aisch, Gregor},
  title = {Information+ Conference: Data visualization and the news},
  howpublished = {\url{https://vimeo.com/182590214}},
  urldate = {2017-03-22},
  year = {2016}
}

@misc{scourge,
  author = {Kosara, Robert},
  title = {The Scrollytelling Scourge},
  howpublished = {\url{https://eagereyes.org/blog/2016/the-scrollytelling-scourge}},
  urldate = {2016-11-28},
  year = {2016}
}

@article{Goncalves2014,
  author = {Gon\c{c}alves, Milene and Cardoso, Carlos and Badke-Schaub, Petra},
  title = {What inspires designers? Preferences on inspirational approaches during idea generation},
  journal = DesignStudies,
  publisher = {Elsevier},
  volume = {35},
  number = {1},
  pages = {29--53},
  year = {2014}
}

@misc{Review2014,
  author = {{Harvard Business Review}},
  title = {Vision Statement: A Taxonomy of Innovation},
  howpublished = {\url{http://hbr.org/2014/01/a-taxonomy-of-innovation/ar/1}},
  urldate = {2014-02-20},
  year = {2014}
}

@book{Crandall2006,
  author = {Crandall, Beth and Klein, Gary A. and Hoffman, Robert R.},
  title = {Working Minds: A Practitioner's Guide to Cognitive Task Analysis},
  publisher = {MIT Press},
  address = {Cambridge, MA},
  year = {2006}
}

@article{Hernandez2010,
  author = {Hernandez, Noe Vargas and Shah, Jami J and Smith, Steven M},
  title = {Understanding design ideation mechanisms through multilevel aligned empirical studies},
  journal = DesignStudies,
  publisher = {Elsevier},
  volume = {31},
  number = {4},
  pages = {382--410},
  year = {2010}
}

@book{Bernard2011,
  author = {Bernard, Harvey Russell},
  title = {Research Methods in Anthropology: Qualitative and Quantitative Approaches},
  publisher = {Rowman Altamira},
  address = {Lanham, MD},
  year = {2011}
}

@article{Zhang2013a,
  author = {Zhang, Zhiyuan and Wang, Bing and Ahmed, Faisal and Ramakrishnan, IV and Zhao, Rong and Viccellio, Asa and Mueller, Klaus},
  title = {The five {W}s for information visualization with application to healthcare informatics},
  journal = TVCG,
  volume = {19},
  number = {11},
  pages = {1895--1910},
  year = {2013}
}

@article{Schulz2013a,
  author = {Schulz, Hans-J{\"o}rg and Nocke, Thomas and Heitzler, Magnus and Schumann, Heidrun},
  title = {A design space of visualization tasks},
  journal = TVCG,
  volume = {19},
  number = {12},
  pages = {2366--2375},
  year = {2013}
}

@article{Dean2006,
  author = {Dean, Douglas L and Hender, Jillian M and Rodgers, Thomas L and Santanen, Eric L},
  title = {Identifying quality, novel, and creative ideas: Constructs and scales for idea evaluation},
  journal = AssocInfSys,
  volume = {7},
  number = {10},
  pages = {646--698},
  year = {2006}
}

@article{Maguire2001,
  author = {Maguire, Martin},
  title = {Methods to support human-centred design},
  journal = IntHCI,
  publisher = {Elsevier},
  volume = {55},
  number = {4},
  pages = {587--634},
  year = {2001},
}

@article{Dow2010,
  author = {Dow, Steven P. and Glassco, Alana and Kass, Jonathan and Schwarz, Melissa and Schwartz, Daniel L. and Klemmer, Scott R.},
  title = {Parallel prototyping leads to better design results, more divergence, and increased self-efficacy},
  journal = TransHCI,
  publisher = {ACM},
  volume = {17},
  number = {4},
  pages = {18:1--18:24},
  year = {2010}
}

@book{Goodman2012,
  author = {Goodman, Elizabeth and Kuniavsky, Mike and Moed, Andrea},
  title = {Observing the User Experience: A Practitioner's Guide to User Research},
  publisher = {Morgan Kaufmann},
  address = {San Francisco, CA},
  year = {2012}
}

@inproceedings{Bigelow2014,
  author = {Bigelow, Alex and Drucker, Steven and Fisher, Danyel and Meyer, Miriah},
  title = {Reflections on how designers design with data},
  booktitle = AVI,
  publisher = {ACM},
  pages = {17--24},
  year = {2014}
}
