
BibTeX bibliography string definitions for abbreviated titles used in
non-IEEE journals for my dissertation (based on IEEEabrv.bib).
By Sean McKenna, 04/05/2017

@STRING{ISO                     = "Int. Org. Standardization (ISO)"}
@STRING{InformVisConf           = "Proc. Int. Conf. Inform. Vis."}
@STRING{InformVis               = "Inform. Vis."}
@STRING{AVI                     = "Proc. Conf. Advanced Visual Interfaces (AVI)"}
